3646 5348
373 341 410 438 lq
808 337 1002 397 rnuonulct
1025 331 1188 393 nortuum

371 545 446 610 erqo
481 528 650 595 divinitus¹
683 529 892 610 receptisque
926 527 1062 596 nauibus
1100 525 1181 592 abiit
1211 527 1244 590 iu
1277 525 1502 607 Hybcruiam,²
1535 525 1610 594 iude

370 633 536 715 prolectua
556 639 610 699 eat
630 635 663 699 in
680 632 842 719 Sullingas
864 633 997 714 insulan,
1019 651 1091 715 quae
1115 632 1268 706 adiacent
1286 631 1464 698 Britanniae
1487 633 1610 716 majori,

369 739 481 821 ibique
503 739 688 820 baptizatos
707 745 760 806 est
776 757 847 806 cum
860 739 1010 807 omnibus
1031 738 1100 806 auis
1117 738 1215 804 ariro
1238 737 1414 803 venerabili
1427 737 1612 804 Bernardo¹

372 845 499 915 abbate.
554 844 635 911 lude
669 846 811 928 perrexit
842 846 875 913 in
900 845 1057 926 Anglium,
1092 844 1147 908 nbi
1170 849 1203 909 et
1231 847 1375 908 moratus
1405 848 1458 910 eat
1487 843 1613 926 aliquot

371 952 483 1030 annis;
504 955 629 1016 mutato
652 956 760 1018 tamen
784 953 914 1018 nomine
934 949 1040 1017 dictus
1054 947 1189 1030 estOle,
1211 965 1249 1014 eo
1271 947 1359 1029 quod
1380 947 1483 1014 nollet
1503 949 1611 1032 palam
1647 962 1662 1008 r

370 1056 442 1125 deri
463 1058 615 1140 quisnam
638 1063 738 1124 osset.
784 1057 897 1122 llooon
922 1073 1000 1138 argo
1023 1059 1061 1120 ut
1083 1054 1236 1136 cognorit
1259 1071 1331 1122 eum
1354 1070 1414 1136 pro
1438 1060 1527 1139 corto
1550 1055 1611 1120 ibi-

371 1161 447 1228 dem
470 1162 596 1238 morari,
627 1163 733 1228 modis
757 1162 906 1230 omnibus
928 1161 1068 1228 intendit
1095 1161 1236 1226 animum
1261 1166 1297 1226 ut
1321 1178 1394 1224 enm
1417 1161 1486 1226 vitu
1505 1160 1613 1241 priva·

371 1273 432 1346 ret,
456 1285 495 1334 ao
525 1267 610 1350 quod
634 1285 727 1350 paene
761 1268 868 1335 solum
898 1267 1031 1334 timeret
1061 1265 1122 1332 sibi
1157 1266 1293 1347 unisque
1326 1263 1526 1333 heredibus.
1569 1265 1614 1332 Et

373 1373 451 1455 quia
472 1377 561 1440 totus
585 1380 656 1440 erat
686 1372 918 1453 fraudulentus,
954 1371 1088 1439 multum
1122 1371 1244 1454 diuque
1275 1389 1382 1437 secum
1417 1371 1611 1454 deliberans,

372 1478 525 1561 quidnam
549 1477 636 1544 iacto
659 1497 740 1561 opun
765 1483 860 1558 earet,
884 1485 1052 1560 postremo
1078 1477 1206 1544 vocarit
1227 1475 1269 1542 ad
1290 1494 1326 1544 se
1349 1477 1525 1544 avunculos
1549 1478 1611 1546 rci-
1648 1496 1680 1545 ro
1810 1533 1811 1538 ,

372 1583 451 1652 licet
481 1583 588 1662 Olavi,
619 1583 738 1651 iratres
770 1583 925 1652 videlicet
957 1583 1070 1650 matris
1105 1584 1173 1666 ejua
1203 1581 1377 1662 datrithar,
1410 1581 1550 1668 Insteio*
1580 1589 1614 1650 et

371 1687 612 1768 llarlaholotld,
642 1690 935 1771 interminatusque
960 1695 1011 1754 ast
1033 1689 1080 1754 eis
1102 1693 1250 1766 mortem,
1285 1687 1344 1754 nisi
1369 1687 1474 1772 jussio¹
1504 1688 1613 1756 obedi·

373 1799 455 1860 rent.
501 1793 592 1859 Misit
615 1812 690 1876 ergo
714 1811 773 1863 eoa
797 1796 829 1861 in
854 1793 1001 1875 angliam
1025 1811 1096 1861 cum
1121 1793 1260 1876 quodam
1284 1794 1418 1878 antiquo
1443 1793 1612 1874 traditore,

371 1900 500 1965 nominc
523 1899 647 1965 Thorer
675 1899 806 1980 klalrka‚
836 1899 890 1983 qui
918 1899 1007 1982 prius
1031 1898 1220 1981 aliquandiu
1242 1905 1387 1963 moratus
1410 1897 1517 1973 luerat
1539 1917 1613 1964 cum
1810 1955 1811 1980 ¹

373 2004 483 2070 Olavo.
526 2004 576 2070 llli
601 2023 677 2072 vero
700 2023 762 2070 noo
786 2005 855 2072 ausi
878 2003 1030 2070 reluctari
1066 2005 1135 2086 ejus
1164 2004 1300 2084 imperio
1334 2004 1554 2085 promiserunt
1575 2021 1611 2070 se
1648 2031 1680 2076 15

374 2109 503 2191 quidem
527 2110 639 2190 ituros,
663 2107 721 2174 sed
745 2109 833 2175 nullo
857 2108 920 2173 alio
943 2115 1050 2190 paeto,
1070 2108 1131 2172 nisi
1159 2107 1384 2190 patefacerent
1405 2109 1613 2174 traditionem
1810 2099 1811 2110 ’

375 2221 408 2280 et
430 2214 602 2282 consilium
625 2215 764 2295 comitio,
797 2214 915 2280 saltem
945 2231 1015 2280 cum
1046 2213 1165 2279 Olavus
1194 2213 1320 2279 reniret
1341 2211 1424 2278 inira
1447 2213 1613 2298 dgtlranes

373 2320 415 2386 ad
437 2321 553 2402 locum,
577 2319 632 2402 qui
655 2320 775 2386 dicitur
796 2317 1027 2386 Thialfuhellir.
1072 2317 1188 2384 Hocon
1210 2339 1286 2386 vero
1320 2318 1556 2402 parvipendons
1580 2324 1614 2386 et

371 2423 554 2493 confidenu⁶
577 2425 682 2492 solitis
708 2426 845 2506 artibus,
869 2432 903 2492 et
925 2424 1017 2508 quasi
1033 2423 1165 2490 Olavum
1190 2425 1222 2488 iu
1246 2421 1395 2490 manibus
1420 2424 1565 2506 haberet,
1585 2423 1613 2490 si

369 2530 446 2598 illuc
473 2550 577 2614 usque
609 2532 740 2615 ignarus
775 2507 962 2596 traditioni&
998 2530 1207 2613 accessisset,
1241 2529 1413 2610 sciensque
1436 2548 1495 2612 pro
1520 2534 1609 2596 certo
1646 2567 1679 2613 ,ο

368 2636 506 2704 Olavum
536 2637 656 2704 nemini
690 2637 889 2703 crediturum
925 2634 987 2700 risi
1017 2634 1090 2713 illis,
1125 2634 1237 2700 annuit
1261 2634 1308 2699 eis
1333 2635 1419 2716 quod
1443 2635 1612 2717 petebant.

366 2741 472 2808 lussit
496 2761 571 2824 ergo
596 2744 643 2810 cis
666 2743 819 2810 nunciare
850 2741 952 2808 olavo
977 2739 1100 2806 obitum
1129 2759 1231 2819 suum,
1265 2745 1367 2804 totam
1398 2745 1518 2805 terram
1542 2739 1612 2823 ejus

368 2847 551 2931 praeatolori
576 2847 761 2930 adveutum,
785 2864 962 2928 properare
986 2864 1058 2912 eum
1083 2845 1213 2924 debere,
1245 2862 1285 2918 ue
1311 2844 1389 2926 quid
1418 2847 1489 2910 novi
1514 2845 1614 2911 iuter·

369 2952 503 3018 reniret.

439 3194 520 3250 ¹81.
545 3195 665 3246 divinitat
688 3191 715 3258 (l)
734 3195 766 3248 A.
809 3194 870 3244 “Δ.
894 3191 1044 3244 Hiberniam
1057 3191 1111 3244 Rs.
1153 3190 1240 3244 ἈΚ
1259 3189 1407 3240 Bernhardo
1426 3191 1453 3246 S.
1493 3192 1503 3223 ¹
1526 3196 1613 3244 rettet

370 3285 482 3338 Ioathcm
502 3283 534 3338 Β.
555 3284 650 3333 loriam
668 3283 722 3332 AB.
747 3281 853 3344 (Irtoam
870 3278 895 3330 K
926 3296 954 3330 aa
974 3279 1097 3348 llyklm,
1125 3281 1166 3330 tlri
1189 3279 1268 3329 Index
1286 3279 1333 3330 har
1349 3279 1467 3344 Joatem).
1503 3278 1611 3332 5ΑΒΚ.

368 3369 553 3422 Karlaoholoth
572 3371 598 3424 Β.
635 3369 646 3400 ⁶
664 3369 717 3420 ΒΚ,
736 3369 863 3420 confidem
881 3369 904 3420 ia
922 3371 952 3422 Δ.

456 3599 484 3656 2.
519 3596 664 3672 Solliogm
681 3587 801 3670 insulae]
819 3589 1036 3670 sailly-(darno,
1057 3597 1066 3652 i
1088 3593 1240 3671 Sagaerne
1255 3594 1459 3672 Syllingar,
1483 3595 1613 3654 omtalas

369 3700 542 3760 iromerak
564 3700 622 3762 Tid
651 3720 716 3760 rom
739 3700 879 3776 Sylina
906 3700 1042 3759 insula
1065 3693 1193 3776 (Sulpic.
1226 3701 1340 3770 Seueri,
1369 3699 1498 3760 historia
1526 3720 1615 3759 sacra

369 3807 408 3878 11,
433 3802 496 3876 51),
519 3808 529 3866 i
551 3805 788 3866 Huandakriftcr
810 3805 857 3864 fra
881 3805 956 3864 lOde
979 3807 1071 3865 Aaou.
1095 3807 1128 3864 af
1139 3805 1261 3864 Solinus
1284 3805 1392 3864 kaldas
1412 3805 1449 3864 da
1472 3806 1612 3864 inaulm

372 3910 524 3972 Sillinae
548 3907 683 3982 (Solinus
708 3911 756 3972 ad.
779 3911 948 3970 Mommsen
973 3911 1003 3970 S.
1030 3905 1112 3983 113),
1148 3929 1204 3987 pua
1239 3905 1466 3970 underlaudake
1501 3909 1614 3970 Kartar

370 4018 418 4076 ira
442 4016 521 4075 idda
540 4016 764 4076 Aarhnndrode
788 4016 986 4094 Sorliugae.

457 4175 484 4230 9.
529 4166 765 4249 fraudulentrra].
810 4173 876 4231 Dan
909 4172 1054 4247 fulgenda
1088 4171 1298 4247 Fremetilling
1320 4171 1353 4228 af
1372 4171 1515 4229 Haakona
1539 4169 1613 4230 For·

372 4279 481 4337 raedari
504 4277 574 4336 mod
597 4275 671 4358 Olor
695 4277 752 4336 vad
776 4277 867 4354 Hjelp
892 4278 924 4337 ol
943 4277 1072 4348 Joatein¹
1096 4275 1289 4336 Karlahored
1311 4295 1350 4352 og
1367 4275 1468 4334 Thorc
1493 4275 1614 4334 Klalrka

374 4390 516 4442 stomrnar
538 4383 607 4442 med
630 4382 715 4441 Oddr
739 4383 950 4462 vidtloftigara
970 4381 1179 4458 Frematilling
1201 4375 1287 4458 (Gap.
1316 4384 1448 4440 12-14.
1470 4381 1557 4440 an.
1582 4379 1612 4438 S.

373 4485 410 4562 X,
435 4489 589 4547 eoa-63.

465 4645 508 4702 13.
554 4636 700 4723 traditor]
724 4646 742 4702 i.
768 4663 793 4701 a.
818 4643 962 4720 proditor
983 4637 1226 4730 (lilii-cumano).
