3646 5348
247 339 251 346 ¹
357 377 524 434 msuosru
544 382 592 434 on
609 377 847 439 huncouans
865 380 989 434 sucuro
1007 368 1322 436 nonwsomumun.
1426 377 1465 446 13

225 571 352 633 asserat
381 565 525 633 telicem¹
555 567 624 633 iore
652 567 785 634 Daciam
814 567 872 632 tuli
900 567 1028 649 regina,
1061 587 1121 656 nec
1154 567 1200 632 illi
1232 567 1339 633 animo
1367 585 1466 648 appe-

225 671 342 738 tendas
367 671 521 754 juvenum
553 673 701 754 nuptias:
735 689 772 738 se
802 683 932 756 quoque
958 674 1026 756 jam
1052 677 1215 756 proveeta
1244 689 1321 738 esse
1347 673 1467 752 atatis,

225 780 346 859 optime
371 795 427 844 eos
448 795 544 860 posse
569 757 751 844 convenire.
801 778 955 860 Suscepit
976 780 1087 860 itaquo
1110 778 1226 843 mulier
1247 777 1355 860 regias
1378 777 1465 844 litte·

172 957 174 962 ,
224 901 277 950 ras
299 883 486 967 oppidoque
509 883 620 949 laetata
642 888 677 948 et
705 883 855 950 muliebri
884 883 1019 950 levitate
1049 884 1145 950 nimis
1176 883 1306 950 credula
1336 883 1378 948 ad
1401 881 1465 950 Da-

175 997 190 1044 l
224 989 309 1054 niam
332 989 447 1070 tendit,
464 1004 559 1072 quam
583 1007 640 1055 rex
660 1005 736 1054 mox
758 989 989 1071 comprehendi
1012 989 1092 1055 fecit
1113 994 1147 1054 et
1168 989 1201 1054 iu
1224 989 1385 1070 quondam
1406 1005 1465 1070 pa·

223 1094 331 1161 ladem
362 1095 506 1176 demergi
538 1092 640 1161 iecit'.
693 1095 736 1160 Et
761 1093 813 1160 hic
845 1093 907 1160 mit
936 1093 1009 1160 linis
1038 1094 1197 1160 scelerum
1226 1100 1260 1159 et
1290 1091 1464 1162 maleficio·

222 1219 293 1266 rum
314 1201 503 1268 Gunniidsr.
548 1199 776 1268 Gomhrmatus
794 1199 892 1282 igitur
911 1199 1025 1266 Hocon
1043 1200 1076 1265 in
1095 1215 1197 1281 regno
1217 1201 1327 1282 coepit
1348 1201 1466 1266 damo-

93 1297 96 1304 ’
223 1324 299 1372 num
319 1307 595 1389 essepraecipuus
614 1321 727 1372 servus
746 1305 1024 1388 etfrequentibus
1044 1302 1214 1372 sacrifieiis
1229 1302 1304 1371 illos
1325 1306 1356 1372 iu
1376 1306 1466 1372 auxi·

223 1411 301 1478 lium
324 1413 514 1480 assciscere.
555 1412 691 1479 Decimo
714 1417 792 1495 post
812 1411 887 1496 hine
904 1427 988 1476 auno
1006 1411 1105 1477 solvit
1126 1415 1266 1494 pactum,
1288 1411 1377 1493 quod
1393 1429 1466 1478 oum

225 1517 369 1584 llaraldo
392 1517 460 1600 regi
482 1517 664 1601 pepigerat,
687 1522 802 1584 nectus
832 1517 1036 1584 occasionem
1067 1517 1281 1584 discessionis
1305 1532 1354 1597 eo,
1378 1516 1466 1599 quod
1533 1535 1539 1548 ·

224 1625 302 1691 Otto
325 1621 632 1690 christianissimus⁸
656 1623 835 1705 imperator
860 1623 1073 1691 uehementer
1095 1624 1242 1690 instabat
1262 1621 1339 1705 regi·
1355 1623 1465 1689 Dauo·

223 1747 303 1810 rum,
333 1735 372 1796 ut
400 1746 472 1796 eum
502 1729 631 1796 Christo
662 1745 734 1796 cum
764 1733 837 1796 tota
863 1730 973 1814 patria
1005 1729 1177 1796 subderet:
1212 1727 1300 1810 quod
1328 1733 1362 1794 et
1390 1733 1467 1795 tunc

224 1835 401 1903 auxiliante
424 1835 539 1904 ecdem
562 1834 724 1901 salvatore
748 1835 927 1904 efficaciter
953 1833 1139 1916 compleuit.

225 2091 304 2174 Cap.
317 2090 386 2156 Vll.
409 2089 458 2156 De
472 2090 586 2157 dolosa
599 2089 744 2173 eiusdem
757 2091 899 2162 tactioue
912 2084 1285 2157 contraOIavumfilium
1293 2085 1462 2172 iryggvat

310 2279 402 2342 hono
432 2275 588 2342 vicesimo
619 2295 703 2342 nono
736 2276 853 2344 deiude
880 2276 969 2358 regni
999 2277 1047 2342 sui
1079 2271 1253 2357 comperit⁴
1280 2273 1365 2356 quod
1389 2271 1464 2340 Ola-

224 2399 282 2448 vus
305 2379 391 2447 filius
414 2378 576 2464 uryggvai
599 2387 688 2448 esset
710 2383 741 2446 io
764 2383 889 2462 Aegiis,
920 2369 1114 2447 adolescens
1138 2383 1232 2447 honae
1257 2377 1386 2460 indolis,
1410 2381 1463 2461 qui

224 2483 374 2554 reuersus
394 2507 414 2552 a
433 2485 578 2552 Rusciae⁶
595 2484 750 2570 partibus,
771 2485 841 2552 ubi²
859 2487 1000 2552 nutritus
1022 2491 1054 2550 et
1073 2485 1202 2570 adjutus
1221 2503 1239 2550 a
1255 2483 1463 2550 waldemaro

224 2611 301 2676 rege
324 2592 439 2675 iuerat,
462 2611 534 2658 cum
557 2592 724 2675 piraticam
749 2598 916 2660 exerceret
938 2593 970 2658 in
992 2590 1137 2670 Daciam,
1169 2607 1318 2672 egressus
1342 2590 1383 2655 de
1406 2608 1462 2654 na-

223 2699 318 2764 vibus
338 2699 542 2780 interceptus
566 2703 616 2763 est
644 2697 683 2762 ab
715 2697 873 2776 hostibus,
901 2713 942 2762 ue
970 2696 1010 2762 ad
1039 2697 1171 2761 easdem
1201 2695 1308 2760 redire
1337 2699 1463 2777 posset.

226 2801 422 2884 Compulsus
445 2802 544 2883 igitur
566 2802 627 2867 hac
651 2797 847 2868 necessitate
871 2801 1010 2866 divinum
1032 2803 1182 2868 inuocare
1204 2799 1365 2880 auxilium,
1378 2801 1469 2867 uouit

224 2925 259 2974 se
283 2905 493 2973 christianum
515 2907 594 2986 iore,
618 2907 645 2972 si
668 2907 709 2972 de
731 2906 865 2972 instanti
890 2907 1072 2988 eriperetur
1093 2906 1248 2989 periculo.
1294 2905 1467 2972 Liberatus

295 3146 302 3173 ¹
321 3145 379 3200 ΔΚ.
400 3145 503 3199 salinam
521 3151 546 3201 S.
591 3146 602 3176 ¹
626 3148 657 3208 Δ,
680 3161 738 3196 meu
760 3147 769 3196 i
794 3145 899 3196 huden
923 3149 1005 3196 staur:
1036 3145 1145 3198 alterum
1168 3145 1253 3195 ieeit
1275 3149 1361 3208 potest
1383 3143 1468 3194 omitti

225 3233 335 3300 (tntum
353 3233 377 3282 ll
397 3233 465 3297 ogs
488 3235 535 3283 har
560 3235 646 3300 gjurt).
694 3233 779 3284 ’ΔΚ
804 3235 1004 3285 christianismus
1028 3235 1053 3287 S.
1098 3233 1212 3284 ⁴rettct.
1237 3237 1367 3294 comperto
1391 3229 1468 3282 sliu.

192 3383 194 3390 ,
223 3321 340 3378 ⁶¹⁰st0t·
357 3319 475 3390 l'rygpya
491 3321 526 3378 K·
559 3321 678 3392 'styma
696 3327 722 3378 S.
740 3323 836 3390 'hyssi
853 3325 888 3380 Δ.
932 3321 1017 3378 ⁸AK.
1045 3323 1142 3374 Rusone
1167 3325 1193 3376 S.
1239 3321 1250 3350 ²
1272 3325 1358 3374 retia,
1381 3335 1468 3370 verum

224 3411 300 3466 ΑΚΒ.

278 3643 283 3654 “
311 3643 338 3700 9.
385 3641 501 3700 decimo
525 3641 688 3718 posthinc
715 3633 808 3719 anuo]
840 3643 893 3701 cir.
925 3641 980 3700 hos
1004 3641 1073 3700 Odd
1103 3640 1247 3700 Heairous
1281 3635 1358 3698 lade
1389 3639 1469 3712 Aar3

225 3745 235 3804 i
258 3746 355 3823 bugge
375 3745 514 3806 Tiifaelde
537 3747 635 3806 altsaa
656 3749 696 3808 ab
719 3749 782 3806 Aar
803 3748 853 3814 ior
872 3747 1016 3806 Haakous
1030 3747 1109 3819 Ded,
1133 3747 1260 3804 medens
1281 3743 1356 3810 Olav
1375 3743 1468 3820 Tryg-

225 3865 338 3920 vassao
362 3853 463 3911 endnu
486 3849 557 3910 ikke
579 3871 634 3912 var
655 3867 762 3913 venen.
807 3849 890 3913 Feri.
913 3851 974 3911 kun
998 3852 1138 3911 saaledss
1162 3852 1233 3910 ikke
1259 3851 1337 3910 have
1359 3849 1470 3926 kjeudt

227 3956 342 4033 Segnet
359 3977 407 4016 um
427 3955 518 4016 Olsvs
535 3957 713 4034 Deltcgelss
730 3959 740 4016 i
757 3953 896 4034 Kampeu
914 3957 973 4017 ved
990 3957 1173 4029 Dauevirhe,
1193 3977 1226 4014 so
1245 3955 1468 4032 Jcimsvikinga-

227 4081 301 4138 saga
323 4055 421 4135 (an
453 4061 483 4120 S.
514 4061 565 4134 XI,
597 4058 704 4136 ath),
736 4064 840 4122 dsrfra
867 4067 996 4140 opteget
1022 4063 1034 4120 i
1064 4067 1095 4120 et
1117 4061 1320 4122 Haandslrcift
1346 4062 1378 4120 ai
1398 4060 1469 4120 odd

225 4163 324 4239 (snm.
350 4167 380 4226 S.
404 4167 441 4237 X,
465 4163 590 4244 altu).

314 4275 360 4331 18.
405 4293 423 4332 s
443 4273 561 4332 Ruscise
584 4267 738 4348 partibus]
752 4273 837 4332 Fors.
850 4273 982 4350 kjeuder
998 4273 1096 4332 altsca
1114 4273 1187 4334 ikke
1207 4273 1297 4332 Olore
1317 4270 1439 4347 Ophold
1456 4271 1468 4328 i

225 4378 387 4436 Vendlaud
417 4396 457 4454 og
485 4378 658 4454 AEgteshah
688 4379 757 4438 med
788 4379 889 4452 (deira,
921 4397 953 4438 ss
985 4378 1054 4439 Odd
1084 4378 1157 4456 Cap.
1191 4380 1271 4435 7κὸ
1300 4369 1400 4452 (an.
1430 4375 1467 4448 X,

226 4479 396 4554 ata-39).
442 4483 497 4542 Om
519 4483 665 4542 Mirshlet
685 4486 696 4542 i
717 4484 883 4554 Daumarh,
907 4483 1032 4542 Daaben
1055 4485 1064 4541 i
1090 4483 1289 4558 Syllingerne,
1313 4479 1469 4558 Opholdot

224 4591 235 4648 i
256 4587 398 4665 England
421 4607 462 4664 og
483 4589 559 4648 haus
586 4594 738 4665 pastagus
761 4589 848 4648 Nasu
873 4589 928 4648 Oia
955 4609 991 4648 ar
1020 4591 1125 4648 videre
1155 4588 1294 4646 udviklet
1321 4587 1377 4646 hos
1399 4583 1469 4646 Odd

226 4693 301 4771 cap.
325 4697 407 4752 r-o
430 4692 529 4768 (unm.
556 4693 585 4753 s
609 4691 646 4766 x,
669 4690 790 4767 asne).
1267 4671 1270 4676 ’
