3622 5344
667 517 704 583 In
727 516 814 585 festo
838 516 872 584 S.
899 515 993 584 Otcoe'
1015 516 1127 600 [Regis
1149 521 1185 584 et
1205 513 1382 600 uanymt

490 683 598 750 Lectio
611 686 730 767 prc'mc.
776 687 946 767 Regnante
969 683 1188 750 illustrissimo
1211 684 1300 766 Rege
1323 683 1424 751 Olavo
1448 684 1535 767 apud
1555 683 1643 750 Nor·

405 789 543 872 regiam,
578 808 650 872 quoe
683 795 737 856 est
769 796 857 856 terra
889 789 1092 872 praegrandis
1122 806 1236 854 versus
1267 789 1450 873 aquilonem
1478 789 1597 870 locata,
1626 807 1647 854 a

405 893 542 961 meridie
576 894 708 960 Daciam
745 895 878 974 habens,
919 895 1056 961 eandem
1094 893 1233 974 ingressi
1267 899 1343 959 sunt
1383 898 1504 960 terram
1542 893 1646 978 pedes

408 996 718 1080 [ewangelizantium
749 997 878 1081 pacem’
896 999 1207 1080 'euangelizantium
1235 997 1330 1064 bona.
1381 997 1553 1066 Gloriosus
1574 997 1646 1065 Rex
1694 1011 1707 1054 ⁶

407 1101 536 1185 Olavus,
567 1103 620 1185 qvi
648 1104 727 1170 licet
756 1103 885 1185 gentilis
907 1109 1023 1169 natura
1044 1101 1169 1169 tamen⁸
1186 1102 1349 1184 ¹benignus
1372 1109 1445 1169 erat
1467 1109 1501 1169 et
1523 1102 1564 1170 ad
1584 1101 1647 1168 ho·
1763 1115 1764 1204 l

404 1211 499 1273 nesta
531 1225 664 1290 qvasqve
698 1209 862 1292 sequenda
891 1207 1028 1290 quadam
1059 1209 1176 1273 mentis
1205 1207 1406 1288 ingenuitate
1438 1206 1647 1291 promptissi·
1763 1217 1764 1300 l

405 1330 486 1377 mus.
531 1310 693 1379 Sordebat
725 1313 810 1379 enim
843 1313 872 1378 ei
908 1313 1010 1378 omnis
1041 1331 1125 1378 vana
1152 1310 1328 1378 delectatio
1352 1317 1386 1377 et
1406 1312 1530 1378 terreni
1552 1311 1646 1394 regni
1763 1387 1764 1400 ξ

404 1415 509 1497 gloria
528 1434 598 1499 prae
621 1415 792 1483 dulcedine
815 1416 957 1483 caelestis
979 1416 1169 1482 vilescebat,

489 1519 597 1585 Lectio
618 1519 667 1588 11.
718 1521 755 1586 ln
786 1521 901 1604 Regali
936 1520 1082 1605 [fastigio
1116 1519 1332 1587 constitutus*
1370 1522 1489 1602 spiritu
1520 1539 1646 1604 pauper
1679 1527 1705 1573 ¹⁰

405 1629 484 1704 erut,
508 1627 542 1690 et
563 1623 653 1705 regni
675 1625 815 1707 negotiis
843 1625 1028 1707 implicatus
1057 1624 1282 1691 nichilominus
1310 1626 1531 1692 meditabatur
1552 1623 1647 1692 caele-
1763 1619 1764 1684 Ϊ

404 1727 477 1793 stia.
523 1727 679 1810 Quicquid
699 1727 808 1795 divina
830 1730 883 1795 lex
904 1729 1057 1812 prohibet
1078 1729 1289 1796 vehementer
1310 1730 1524 1810 adhorrebat;
1547 1730 1645 1809 Quic-
1763 1729 1764 1740 ’

404 1830 482 1913 qvid
503 1832 660 1914 praecipit,
692 1834 920 1900 ardentissimo
949 1835 1230 1916 complectebatur
1253 1832 1381 1901 affectu.
1425 1833 1493 1900 Nec
1512 1835 1647 1918 propria

404 1936 512 2001 salute
535 1940 707 2002 contentus
732 1939 872 2021 populos
907 1938 1021 2020 qvibus
1056 1937 1164 2004 divina
1197 1937 1408 2021 dispensante
1440 1937 1646 2021 providentia

402 2041 606 2123 praestitutus
631 2047 711 2122 erat,
745 2043 786 2107 ad
815 2041 912 2108 fidem
933 2040 1096 2122 vigilanti⁵
1122 2047 1312 2109 convertere
1334 2043 1500 2109 nitebatur
1522 2044 1644 2109 instan-
1677 2044 1703 2092 ¹⁶

402 2146 459 2224 tia,
490 2149 524 2212 et
545 2162 630 2212 novo
660 2165 767 2212 rerum
796 2146 909 2212 ordine
930 2147 1000 2212 Rex
1022 2147 1162 2228 apostoli
1184 2148 1287 2214 ricem
1308 2145 1462 2229 fungens
1483 2147 1555 2229 ipse
1579 2145 1644 2212 dux

403 2249 506 2335 [verbi
530 2249 652 2315 Christi
681 2251 819 2332 gretiam
847 2251 971 2333 passim
1000 2249 1164 2316 omnibus²
1191 2252 1402 2334 praedicabat.
1448 2250 1644 2317 ⁸Nonnullos

403 2355 502 2422 etiarn
524 2355 769 2437 praedicationis
792 2357 906 2437 gratia
936 2374 1007 2436 qvae
1032 2353 1151 2422 diffusa
1174 2360 1245 2422 erat
1266 2357 1299 2422 in
1320 2355 1416 2422 labiis
1440 2355 1520 2437 ejus,
1545 2373 1641 2420 ane·

402 2458 510 2525 landis
544 2458 727 2526 daemonum
761 2460 902 2525 cultibus
936 2461 976 2526 ad
1010 2461 1207 2542 agnitionem
1238 2459 1287 2544 [et
1317 2457 1551 2527 reverentiam⁹
1592 2457 1643 2523 sui

401 2564 560 2630 creatoris
582 2563 722 2628 reduxit.
1674 2562 1701 2608 2⁰

486 2666 595 2732 Lectio
619 2665 689 2733 111.
733 2667 806 2732 Non
840 2667 995 2734 cessabat
1027 2668 1212 2735 indefessus
1246 2669 1413 2749 euangelii
1445 2667 1643 2750 praedicator

402 2789 488 2838 nunc
512 2769 693 2838 obstinatos
717 2773 917 2854 convincere,
950 2791 1035 2838 nunc
1063 2774 1224 2839 instruere
1255 2774 1364 2852 rudes,
1397 2790 1480 2837 nunc
1512 2773 1546 2838 in
1577 2771 1642 2838 fide

402 2880 533 2942 teneros
556 2875 757 2944 confirmare.
800 2876 907 2942 Nichil
930 2877 1011 2959 regii
1029 2877 1142 2958 fastus,
1166 2876 1265 2943 nichil
1288 2877 1484 2960 tyrrannidis
1508 2877 1540 2942 in
1564 2891 1641 2942 suos

402 2981 576 3046 exercebat
609 2981 768 3062 subditos,
802 2983 900 3047 immo
935 2982 1085 3047 omnibus
1121 2982 1270 3064 exempla
1306 2981 1477 3064 praebebat
1516 2997 1642 3064 magna
1763 3047 1764 3068 ἶ

400 3083 596 3150 humilitatis
630 3091 663 3150 et
696 3084 963 3151 mansuetudinis.
1028 3083 1090 3151 ¹⁰In
1117 3086 1225 3151 tuturo
1248 3085 1346 3150 etiam
1369 3085 1546 3168 prouinciis
1569 3085 1639 3168 qui·
1670 3093 1696 3141 2⁵

401 3186 464 3253 bus
486 3193 628 3270 praerat
659 3188 842 3271 providens,
878 3207 917 3255 ne
946 3189 1124 3255 nobiliores
1156 3190 1272 3272 qviqve
1300 3194 1334 3255 et
1357 3189 1562 3272 potentiores
1585 3207 1642 3272 per

401 3293 583 3374 potentiam
622 3291 812 3358 humiliores
848 3292 1078 3375 opprimerent,
1118 3293 1208 3376 leges
1248 3293 1373 3359 divinas
1414 3299 1448 3360 et
1484 3294 1641 3360 humanas

401 3397 505 3462 multa
526 3396 672 3480 plenas¹¹
694 3398 855 3480 sapientia
877 3402 911 3462 et
930 3399 1011 3463 mira
1034 3398 1210 3479 dispositas
1234 3397 1430 3463 discretione
1453 3397 1588 3480 scripsit
1609 3399 1642 3463 et

405 3501 639 3584 promulgavit:
672 3501 710 3566 In
737 3501 851 3584 quibus
880 3520 972 3567 suum
1001 3503 1116 3584 cuiqve
1138 3500 1333 3568 conditionis
1352 3499 1433 3584 jus¹²
1456 3501 1640 3582 assignavit.

407 3606 444 3671 ln
477 3605 542 3670 illis
572 3605 671 3671 etiam
701 3609 854 3688 qnantum
882 3605 997 3672 liceret
1023 3606 1168 3688 praelatis
1190 3607 1223 3670 in
1246 3604 1411 3688 subiectos
1435 3611 1469 3672 et
1492 3607 1641 3689 quonum
1670 3609 1696 3658 ⁸⁰

406 3709 546 3792 subjecti
586 3709 802 3776 reverentiam
833 3709 1023 3776 exhiberent
1057 3728 1134 3791 erga
1164 3709 1330 3792 prelatos,
1364 3710 1462 3775 certis
1484 3707 1641 3774 limitibus

407 3813 572 3881 discrevit.
595 3813 671 3880 ibi¹⁸
691 3813 984 3880 modestissimus¹⁴
1006 3821 1041 3880 et
1062 3814 1265 3896 aeqvissimus
1288 3813 1447 3894 arbiter¹⁵,
1476 3814 1643 3896 sapienter

408 3917 627 3998 considerans,
666 3918 855 4000 plerumqve
888 3919 985 4000 Regis
1018 3923 1184 4001 potestate
1216 3918 1278 3984 sibi
1312 3935 1470 3984 concessa
1502 3916 1643 4001 superbe

409 4020 500 4088 abuti
533 4021 566 4086 in
596 4019 756 4102 subditos,
790 4023 897 4105 legum
932 4023 1039 4104 rigore
1072 4021 1214 4106 regalem
1248 4023 1391 4090 coercuit
1413 4029 1448 4089 et
1469 4021 1644 4089 refrenarit

476 4241 582 4306 'Regis
600 4240 635 4292 tl.
655 4241 685 4298 B.
728 4241 825 4309 ’negt
843 4245 874 4298 B.
921 4243 1047 4295 ⁸tantum
1065 4244 1095 4300 B.
1139 4243 1198 4298 (Δ.
1218 4243 1371 4296 contitutus
1390 4243 1541 4306 fastigiati.
1585 4237 1643 4290 ⁸1³.

406 4327 532 4395 vigilante
549 4335 583 4384 A.
631 4329 749 4396 ‘gerens
766 4331 797 4387 Β.
842 4332 940 4383 'verbi
957 4333 1042 4397 gratia
1058 4331 1218 4395 passionibus
1235 4333 1265 4385 B.
1318 4330 1393 4382 ⁸hor
1409 4329 1538 4398 begynder
1553 4329 1643 4380 Lectio

407 4417 449 4468 111
465 4419 475 4470 i
493 4420 523 4474 B.
567 4417 658 4483 ’mgb
676 4420 707 4469 B.
752 4419 775 4450 ¹⁰
791 4421 839 4471 her
854 4420 983 4487 begynder
1000 4421 1031 4474 L.
1049 4417 1086 4470 IV
1104 4419 1113 4469 i
1131 4420 1161 4472 B.
1209 4419 1228 4450 ¹¹
1246 4418 1324 4483 plena
1341 4421 1372 4472 B.
1409 4418 1432 4450 ¹⁸
1448 4421 1479 4468 Δ.
1494 4417 1536 4484 jae
1554 4416 1644 4482 unique

407 4505 548 4558 conditioni
564 4507 596 4556 B.
637 4505 661 4537 ¹⁸
677 4506 740 4572 napi.
757 4509 787 4558 B.
839 4507 861 4538 ¹⁴
878 4507 1071 4559 motutiuimus
1088 4507 1119 4562 B.
1169 4507 1192 4539 ¹⁰
1209 4507 1257 4558 her
1273 4507 1388 4558 studrer
1405 4508 1436 4570 B,
1460 4507 1493 4557 da
1508 4505 1604 4558 Rectene
1622 4503 1647 4554 ai

407 4592 500 4646 Bladet
518 4609 564 4646 rar
578 4594 719 4650 bortrerct.
