3668 5348
357 357 525 412 HISTORIA
544 359 591 411 DE
609 357 844 417 Ammontem
862 357 990 411 REGUM
1008 353 1321 413 nbswssmnslnlu.
1419 357 1457 424 51

224 550 260 610 et
280 545 399 610 llinuro
420 552 454 610 et
475 543 541 610 filio
564 545 643 626 ejus,
674 551 711 610 ut
731 561 837 610 rerum
862 546 967 610 exitus
988 544 1148 627 probauit,
1172 560 1271 610 conse
1293 542 1356 610 init
1376 549 1460 609 tenr-

221 651 361 732 poraria
389 649 511 730 mortis,
541 649 617 731 quia
646 647 743 714 ambo
763 654 887 730 postea
917 651 957 715 ab
981 649 1124 714 Haralde
1147 649 1248 714 occisi
1269 652 1354 714 sunt.
1398 647 1460 715 His

223 755 335 836 itaque
363 755 531 836 responsis
561 757 741 820 commotus
763 752 928 820 Huraldus
951 754 1104 820 discessit
1125 773 1145 819 a
1165 771 1244 836 rege
1267 759 1302 818 et
1321 754 1355 818 iu
1378 753 1461 819 Nor-

222 859 357 942 augiam
379 858 546 941 proiectus
570 863 638 938 est;
673 857 793 925 Susino
822 861 1003 942 comperte¹
1037 875 1136 926 causa
1162 857 1373 925 discessionis
1396 857 1462 922 Ha-

174 967 191 1015 ⁵
224 964 307 1030 raldi
330 981 350 1029 a
372 964 488 1046 Magno
511 964 691 1046 evestigio
714 963 888 1029 comitatus
911 967 963 1030 est
984 981 1068 1044 eum,
1097 963 1290 1046 promittens
1313 963 1343 1029 ei
1366 962 1461 1028 dimi·

225 1068 311 1135 diam
334 1074 461 1152 purtem
484 1069 602 1151 Daciae,
629 1068 658 1134 ei
679 1073 818 1151 possent
836 1085 946 1151 negem
969 1069 1122 1152 Magnum
1143 1067 1320 1135 eliminare.

225 1291 303 1376 Gap.
325 1291 438 1358 XXVI.
482 1292 624 1358 Invectio
646 1293 790 1359 auctoris
812 1293 845 1359 in
866 1293 1056 1361 ambitiosos
1079 1298 1114 1361 ct
1135 1291 1276 1376 qualiter
1294 1289 1462 1360 chosdroe

706 1397 806 1464 vitem
829 1395 979 1466 finiverit.

310 1601 337 1665 0
359 1619 435 1667 vere
456 1598 567 1679 inlelix
589 1601 756 1684 appetitus
777 1601 924 1668 honoris!
958 1618 978 1666 o
1000 1599 1199 1668 miseranda²
1213 1593 1217 1603 '
1232 1605 1266 1669 et
1296 1599 1463 1668 miserabi-

159 1709 192 1756 10
226 1704 266 1770 lis
287 1711 330 1787 et,
353 1712 390 1771 ut
414 1724 434 1772 a
464 1706 669 1790 philosophis
697 1705 899 1786 describitur,
922 1723 999 1772 vere
1021 1723 1108 1772 ceca
1123 1704 1274 1788 umbitio,
1298 1705 1407 1772 diuina
1429 1710 1465 1771 et

226 1809 365 1877 humana
387 1812 525 1892 calcans,
548 1815 673 1877 naturae
696 1827 760 1876 uon
783 1809 935 1877 deferens
957 1805 1114 1877 honorem
1137 1813 1179 1892 et,
1203 1811 1295 1892 cuius
1320 1815 1464 1877 mentem

226 1916 328 1982 semel
351 1917 516 1997 invaserit,
539 1918 694 1998 impotem
717 1915 767 1980 sni
788 1914 943 1981 roddens!
989 1909 1068 1981 Heec
1090 1915 1287 1982 Absolonem
1309 1917 1343 1981 in
1367 1916 1463 1998 jugu-

226 2018 292 2084 lum
314 2021 418 2102 patris
440 2021 586 2100 armavit,
613 2023 651 2085 ut
679 2018 938 2100 sibi‘parricidio
960 2021 1264 2110 regnnm'parnret3
1298 2022 1332 2086 et
1355 2025 1393 2086 ut
1422 2021 1464 2087 de

227 2125 371 2192 ethnicis
392 2123 514 2206 aliquid
537 2124 666 2205 loquar,
687 2123 757 2188 hec
777 2121 977 2190 Pharnacem
1004 2121 1106 2191 filium
1137 2119 1350 2192 mithensem·
1377 2125 1463 2206 regis

160 2229 192 2276 ¹⁶
228 2229 333 2310 Ponti,
358 2229 413 2312 qui
436 2247 509 2294 cum
530 2229 681 2294 Romanis
706 2227 798 2293 annis
823 2228 1037 2310 quadraginin
1057 2229 1179 2298 bellum
1201 2232 1313 2310 gessit,
1335 2230 1465 2312 impulit

229 2341 265 2400 ut
295 2339 422 2416 patrem
455 2351 547 2398 suurn
581 2333 742 2398 inclusum
775 2333 808 2398 in
838 2334 977 2415 quadam
1008 2333 1141 2400 civitate
1175 2332 1356 2411 obsideret;
1391 2351 1464 2399 cum
1534 2365 1536 2369 ·

228 2439 313 2506 idem
335 2437 558 2504 Mithridates⁴
585 2437 641 2502 diu
664 2455 702 2502 ex
724 2438 881 2503 altissimo
911 2454 1002 2503 muro
1026 2437 1246 2518 concionatus,
1270 2432 1404 2519 cripiens
1427 2435 1465 2502 d·

226 2543 305 2608 linm
327 2543 369 2610 ad
391 2540 649 2608 misericordiam
670 2541 813 2622 flectere,
836 2546 873 2606 ut
894 2541 1128 2608 inexorabilem
1150 2542 1241 2621 vidit,
1265 2541 1465 2608 exclamasse

227 2648 342 2714 fertur:
366 2647 419 2712 Dii
440 2647 548 2730 patrii,
571 2648 597 2712 si
612 2647 665 2729 qui
678 2646 770 2726 estis,
792 2647 912 2712 donate
930 2652 968 2711 ut
985 2644 1167 2712 Pharnaces
1188 2643 1251 2711 huc
1273 2646 1347 2728 ipsa
1368 2665 1465 2730 prece
1489 2723 1495 2735 ¹

161 2758 195 2804 ²⁰
228 2751 314 2819 filios
340 2769 416 2818 suos
449 2755 561 2817 exoret
593 2757 627 2817 et
652 2767 717 2814 non
745 2751 944 2816 exaudiatur.
996 2749 1076 2816 Post
1103 2750 1176 2816 hoec
1199 2746 1401 2818 descendens
1424 2751 1465 2817 de

228 2873 320 2926 muro
347 2857 438 2924 dedit
458 2873 619 2921 uenenum
642 2854 790 2920 omnihus
813 2855 1001 2922 concubinis
1024 2856 1093 2920 suis
1115 2859 1150 2920 et
1170 2853 1247 2920 filiis
1271 2853 1465 2940 etnriliabus.

227 2962 398 3029 Postremo
433 2977 504 3024 cum
533 2959 675 3040 ipsemet
703 2958 868 3027 hausisset
889 2977 1048 3027 venenum
1072 2963 1107 3025 et
1127 2961 1178 3025 vis
1200 2961 1315 3026 veneni
1337 2961 1370 3025 iu
1392 2949 1465 3043 ipso
1586 2982 1589 2990 ·

228 3066 369 3149 grassari
403 3082 465 3130 non
498 3067 616 3145 posset
645 3067 782 3146 propter
810 3064 1060 3131 innumerabilia
1082 3063 1236 3144 remedia,
1261 3063 1378 3146 quihus
1400 3063 1465 3131 ire·

229 3176 367 3252 quanter
387 3169 550 3234 munierat
570 3185 630 3232 sue
651 3169 776 3234 viscera
797 3175 910 3234 contm
933 3167 1068 3235 candem
1090 3171 1230 3254 pestem,
1260 3186 1300 3234 ne
1332 3167 1373 3234 ab
1402 3167 1466 3234 ulio

162 3282 194 3330 ²⁵
230 3279 410 3355 necaretur,
426 3272 529 3339 fracto
549 3273 615 3353 jam
639 3289 729 3341 muro
752 3271 900 3354 porrexit
919 3271 1094 3339 cervicem⁵
1116 3269 1339 3353 speculatoris
1374 3269 1466 3350 Quod

231 3379 271 3446 de
292 3379 355 3445 hoc
376 3377 540 3443 Lucanus:

432 3482 607 3547 Barbarico
629 3481 682 3546 vir
704 3485 926 3548 consummato
949 3499 1084 3549 veneno.

230 3587 282 3653 De
312 3588 376 3652 hoc
406 3603 481 3667 rege
514 3584 627 3651 scribit
653 3583 776 3650 Plinius
800 3585 967 3652 Secundus
997 3587 1048 3652 his
1074 3585 1201 3651 verbis:
1237 3584 1472 3665 Mithridatem,

300 3823 386 3878 ’ΔΚ
404 3835 534 3892 comperto
554 3823 584 3886 (l)
602 3827 626 3878 S.
684 3823 766 3876 ’ΒΚ
784 3825 934 3876 miserande
951 3825 984 3876 A.
1040 3821 1126 3878 'Ait
1144 3827 1281 3878 Mitridatis
1302 3827 1328 3876 S.
1375 3821 1468 3875 *ΑΚ

230 3915 380 3968 Mitridates.
417 3911 428 3942 ⁵
444 3915 503 3966 ΑΚ.
524 3915 626 3964 eiviccm
646 3911 673 3975 tl)
689 3913 719 3964 fl.
756 3908 810 3965 ⁸8.
828 3915 973 3978 spiculatori
992 3914 1025 3963 ll.

315 4123 344 4181 3.
388 4123 420 4179 in
438 4111 643 4196 Norwegiam]
679 4115 838 4194 alvigende
866 4118 913 4176 iro
946 4118 984 4177 de
1018 4120 1112 4179 andra
1142 4120 1258 4196 Kilder,
1289 4140 1354 4179 som
1383 4119 1470 4180 leder

230 4225 345 4285 Harald
372 4227 465 4286 eluite
488 4223 636 4284 Forbund
665 4223 735 4281 med
757 4221 848 4282 Svein
869 4223 880 4282 i
903 4223 1028 4299 Suerige
1053 4229 1144 4284 entsn
1168 4226 1246 4284 efter
1266 4223 1377 4293 Madet
1398 4223 1469 4284 med

230 4330 360 4407 Magnus
383 4325 475 4406 (Flet.
496 4327 548 4402 111,
572 4331 641 4401 307,
665 4327 792 4405 Fagrslr.
820 4322 891 4399 114)
916 4329 991 4388 eller
1013 4329 1063 4396 far
1086 4325 1188 4403 (Hskr.
1213 4324 1298 4402 559).
1430 4393 1435 4402 .

316 4437 365 4496 26.
410 4426 565 4510 Lucanus]
588 4431 694 4493 Phers.
717 4433 741 4505 1,
765 4433 841 4491 337:
1000 4423 1003 4450 ²

475 4536 585 4598 Proelia
605 4537 767 4597 barbarico
788 4540 839 4596 nix
861 4543 1069 4598 consummato
1087 4557 1215 4598 veneno.
1460 4603 1464 4610 ,

317 4647 366 4708 28.
410 4635 541 4719 Plinius]
564 4642 586 4701 1.
609 4643 672 4717 vn,
696 4665 722 4702 e.
746 4644 803 4702 24:
836 4641 1033 4703 Mithridates
1064 4643 1191 4704 dnmnm
1214 4643 1377 4790 e4t*viginti
1398 4647 1485 4723 gen-⁸
