3668 5348
347 376 515 432 HISTORIA
533 379 581 432 DE
597 379 835 439 medriam
853 381 976 432 REGUM
994 379 1307 433 unewaomuffluu.
1409 385 1448 446 35

213 565 355 644 nepam,
379 563 466 629 vale¹
485 562 610 630 iaciens
633 565 1073 648 Iaritclaro¹et1ngigerthi
1096 564 1278 646 relictoque
1307 563 1352 630 ibi
1382 563 1450 629 titio

214 685 274 734 sno
304 667 421 750 Magno
452 686 601 734 reserens
635 674 688 736 est
718 669 761 733 ad
794 669 964 750 generum⁸
996 687 1089 736 suurn
1123 669 1259 736 olerum
1286 685 1395 750 regom
1420 670 1453 735 in

215 772 386 839 Suetbianr
410 772 520 855 ibique
541 790 626 838 anno
649 773 704 839 ilio
726 781 871 840 moratus
895 779 955 841 est.
1011 775 1213 841 Adveniente
1245 775 1355 855 itaque
1385 791 1454 840 ver·

214 876 279 944 nali
303 884 450 960 ternpore
473 877 694 959 congregarit⁴
716 880 891 946 exercitum
910 880 1029 946 auxilio
1045 880 1155 961 generi
1177 879 1237 958 sui,
1260 877 1314 959 qui
1338 893 1455 958 magua

165 985 181 1033 ὅ
216 999 254 1048 cx
275 986 370 1064 parte
392 987 463 1048 erat
483 987 693 1064 paganorum,
716 983 870 1066 duxitque
893 1003 965 1050 curn
990 1003 1048 1066 per
1070 983 1239 1065 superiora
1268 983 1300 1046 in
1322 981 1454 1046 Noras-

214 1086 309 1168 giam.
354 1085 499 1168 cunque
521 1089 660 1154 instaret
681 1107 737 1153 rex
758 1088 904 1170 paganis,
924 1093 963 1154 ut
982 1089 1236 1171 baptizarentur,
1254 1085 1367 1168 illique
1395 1086 1454 1152 de·

214 1194 395 1258 tractarent
426 1191 593 1274 suscipere
622 1191 734 1274 jugum
769 1194 908 1272 Domini,
938 1194 984 1258 ait
1011 1211 1046 1259 se
1079 1209 1143 1258 non
1176 1192 1322 1272 indigere
1353 1209 1454 1274 paga·

214 1297 386 1362 nornm'et
407 1313 426 1360 a
445 1297 515 1362 Deo
531 1297 720 1378 alienorum,
741 1299 878 1363 maxime
902 1303 1015 1363 contra
1039 1297 1249 1376 christianos3
1272 1295 1368 1361 viiarn
1391 1295 1454 1360 sibi

214 1399 283 1467 iore
305 1400 483 1481 victoriam,
511 1419 584 1483 qua
605 1402 787 1484 iniquorum
817 1403 964 1468 manibus
990 1401 1197 1484 patraretur.
1248 1401 1456 1483 Respondent

149 1505 181 1552 ¹⁰
215 1505 345 1586 pagani,
367 1509 501 1587 paratos
523 1523 560 1571 se
583 1505 713 1588 quidem
735 1507 778 1572 ad
809 1525 887 1572 usus
920 1507 1091 1586 bellorum,
1126 1511 1160 1572 et
1192 1506 1220 1570 si
1252 1505 1330 1587 quid
1365 1504 1453 1570 aliud

211 1608 343 1692 juberet
364 1627 429 1688 rex,
452 1609 547 1676 istam
570 1629 647 1676 vero
670 1609 829 1676 novellam
852 1611 1088 1677 institutionem
1118 1609 1205 1674 noile
1240 1627 1278 1674 sc
1311 1615 1455 1676 veternae

214 1713 441 1780 consuetudini
463 1720 672 1802 anteponere,
695 1715 791 1782 malle
813 1733 849 1781 sc
870 1714 979 1780 redire
1000 1715 1034 1779 in
1055 1715 1204 1796 patriam.
1249 1715 1320 1792 Quo
1343 1713 1454 1780 audito

214 1835 271 1884 rex
291 1817 440 1899 permisit
462 1835 575 1885 omnes
599 1819 698 1884 abire.
744 1817 941 1901 Congregati
963 1822 1040 1885 sunt
1068 1823 1187 1900 postea
1220 1821 1260 1884 ad
1296 1837 1368 1884 curn
1401 1836 1457 1899 pa-

213 1927 325 1988 rentes
338 1922 407 2005 ejus
419 1941 490 1988 cunr
503 1923 645 1989 Haraldo
658 1922 756 1989 irotre
774 1923 853 2005 ejus,
877 1923 931 2005 qui
955 1929 1033 1989 tnnc
1056 1929 1126 1989 erat
1148 1923 1340 1989 adolescens
1363 1923 1455 2004 quin·

149 2021 180 2070 ¹⁶
217 2025 320 2092 decim
343 2043 509 2106 annorum,
538 2027 597 2094 sed
620 2027 808 2114 etquidem
832 2027 885 2092 aiii
907 2027 1091 2109 principes:
1126 2028 1212 2093 inter
1240 2045 1321 2108 qnos
1351 2025 1458 2092 erant⁶

216 2130 318 2211 Ringr
339 2128 423 2196 filius
448 2132 535 2212 begs
558 2149 630 2198 curn
652 2129 720 2196 fiiio
744 2148 802 2197 sno
825 2131 968 2213 ejusden
1002 2131 1141 2197 nominis
1167 2135 1200 2196 et
1225 2129 1317 2196 uitur
1343 2147 1453 2196 cornea

216 2231 302 2301 tilius
325 2235 420 2314 Arna,
446 2235 547 2300 irater
566 2233 671 2314 Kaifs,
693 2235 747 2317 qui
770 2236 908 2301 maxime
931 2235 1166 2301 adversabatur
1194 2235 1292 2317 regi²;
1327 2239 1458 2300 secutus

217 2336 325 2405 marat
348 2344 381 2407 et
406 2358 516 2421 regern
548 2339 732 2406 individuus
767 2355 878 2405 comes
912 2341 945 2404 in
979 2339 1130 2406 omnibus
1164 2337 1316 2420 periculis
1348 2337 1456 2418 Ragn-

289 2525 348 2580 ¹A.
367 2529 440 2580 vaide
458 2529 486 2582 S.
539 2525 647 2590 'cettei²
662 2546 691 2582 oe
710 2529 775 2595 cap.
792 2529 867 2582 XVI.
885 2530 1027 2580 Wirrninno
1046 2531 1105 2582 ΑΚ·
1135 2531 1285 2582 Wirciiavo
1303 2529 1331 2580 S.
1380 2523 1461 2578 'Aa

220 2616 298 2666 AKS.
316 2618 324 2666 i
342 2618 464 2682 Murgan:
484 2617 500 2668 i·
519 2631 643 2679 socerum,
661 2620 683 2669 B
701 2619 850 2670 bamaerkar:
868 2633 945 2682 gener
962 2634 1008 2682 pro
1022 2633 1118 2668 socero·
1153 2614 1164 2644 ⁴
1182 2618 1235 2670 AS.
1253 2625 1411 2685 congregant
1428 2615 1461 2666 Κ.

221 2700 302 2755 Ἀθ.
320 2716 452 2768 parantur
470 2705 503 2758 K.
540 2699 624 2758 ἈΚ
644 2715 699 2756 eret
716 2705 742 2756 S.
778 2701 858 2756 ’Ks
877 2708 945 2770 regio
963 2708 997 2756 Α.

307 2859 333 2916 1.
376 2848 498 2935 relicto]
529 2857 582 2918 cfr.
612 2861 670 2937 leg.
697 2861 777 2936 Saga
798 2880 824 2919 c.
848 2863 904 2920 8οε
934 2865 1008 2920 saetr
1039 2860 1094 2936 bar
1127 2861 1207 2920 creir
1238 2879 1295 2918 nun
1323 2859 1391 2918 sinn
1424 2849 1464 2917 tii¹

220 2963 314 3022 iostrs
337 2963 402 3021 rneb
423 2964 585 3024 derisloeivi
606 2965 761 3040 irononge.

306 3069 334 3126 3.
378 3087 457 3126 anno
479 3061 547 3146 iilo]
570 3067 637 3144 Thj.
661 3085 694 3126 ar
717 3069 775 3126 den
800 3071 915 3140 eneste‚
939 3068 995 3127 der
1023 3069 1111 3127 iader
1144 3066 1219 3127 Olav
1248 3067 1383 3144 ophoide
1407 3069 1455 3142 sig

223 3172 282 3231 den
306 3174 401 3232 ridete
419 3171 558 3231 Victori
581 3173 722 3249 Srerig03
745 3173 803 3230 han
826 3173 954 3230 orntaier
976 3173 1155 3248 ogsaa·hans
1173 3172 1377 3247 Srigeriader‚
1402 3170 1461 3228 den

223 3276 354 3336 areneke
380 3277 463 3350 Olor,
498 3295 562 3336 sonr
586 3276 688 3334 endan
720 3277 857 3347 levanda,
891 3276 969 3335 hvnd
1003 3277 1058 3337 dar
1091 3281 1233 3336 stammer
1265 3275 1333 3334 med
1364 3274 1461 3333 Adam

225 3375 276 3454 (Π,
300 3377 364 3452 71)-
453 3391 456 3398 '

309 3487 337 3544 6.
381 3476 523 3563 paganis]
547 3486 600 3544 cir.
622 3485 681 3562 leg.
705 3483 786 3562 Saga
809 3487 846 3544 81
872 3503 910 3562 og
933 3485 1047 3545 Snorre
1068 3481 1170 3560 (Hskr.
1194 3480 1281 3555 471).

310 3591 358 3649 13.
403 3581 593 3667 congregati]
622 3591 676 3648 cir.
702 3589 763 3665 leg.
787 3589 867 3665 Saga
889 3591 944 3648 86:
987 3589 1035 3648 En
1068 3588 1107 3663 bn
1140 3609 1174 3648 er
1206 3589 1291 3650 Oiair
1322 3588 1463 3662 kanongr

223 3695 294 3754 irorn
317 3714 335 3752 a
355 3694 502 3772 Upplond
519 3693 637 3768 bokom
658 3697 751 3752 imote
774 3693 940 3752 Haraldr
963 3693 1232 3769 Signrbarean
1254 3691 1461 3751 brobcrhane.

224 3819 261 3857 oc
282 3819 337 3857 var
356 3817 436 3876 nngr
457 3804 489 3858 at
511 3797 607 3857 aildre
629 3817 665 3857 oc
687 3798 783 3856 mikill
815 3799 826 3856 i
855 3799 918 3874 bag
948 3813 991 3856 xv
1023 3801 1118 3856 vestra
1152 3796 1270 3872 gornaii.
1327 3795 1369 3854 Oc
1407 3793 1462 3852 tolr

226 3899 311 3960 Olafr
331 3901 472 3978 konongr
493 3902 539 3962 vid
561 3904 672 3962 hannrn
695 3901 759 3960 rneb
782 3901 905 3959 mildam
928 3919 992 3977 vag.
1038 3899 1083 3958 En
1117 3900 1182 3958 med
1214 3899 1355 3975 kerungo
1389 3917 1462 3956 voro

225 4005 278 4064 adr
298 4012 411 4066 mester
433 4007 684 4083 virbiugarnrann.
732 4006 854 4065 Finnr
882 4006 1060 4064 Arnacun
1094 4023 1128 4062 er
1160 4005 1243 4063 siden
1277 4023 1330 4062 ver
1362 4004 1418 4061 iorl
1453 4004 1463 4061 i

225 4110 401 4172 Danrnerkn
427 4131 462 4171 oc
491 4111 732 4188 Rognvalldr
758 4111 961 4170 Brasasun
992 4127 1027 4166 cr
1054 4108 1137 4166 siban
1160 4127 1214 4167 rar
1242 4107 1300 4167 iarl
1333 4109 1342 4166 i
1366 4105 1463 4166 Orkn·

226 4217 334 4292 sepium
360 4243 401 4256 -·
431 4243 459 4254 -·
497 4216 814 4292 DagrRingsson
836 4215 977 4273 formed
999 4213 1092 4272 Oiave
1113 4213 1253 4289 konongr
1274 4233 1310 4271 or
1336 4210 1464 4271 Garbnnr

227 4323 336 4380 ousian
359 4321 369 4379 i
392 4319 539 4395 Svidpiob.
567 4346 608 4360 -··
630 4319 732 4382 Baede
755 4319 823 4396 Dag
843 4338 886 4393 og
905 4319 982 4378 bans
1001 4317 1103 4378 Fadar
1124 4317 1221 4394 Ring
1241 4337 1295 4376 aar
1315 4315 1385 4374 mad
1406 4333 1467 4391 pan

227 4423 415 4501 Oleas'l'og,
438 4443 471 4483 se
499 4424 558 4482 den
592 4423 727 4482 aldeis
760 4423 818 4499 leg.
853 4423 934 4498 Saga
967 4419 1057 4498 (ung.
1081 4421 1111 4482 S.
1136 4417 1196 4492 95),
1223 4439 1263 4496 og
1294 4419 1464 4479 Thormods
1531 4437 1534 4444 ·

226 4529 303 4588 Vara
326 4523 399 4607 (leg.
424 4529 503 4605 Saga
526 4521 589 4600 96),
611 4528 687 4587 hvon
708 4527 784 4603 Dag,
814 4526 903 4604 Βίης,
936 4525 1050 4586 Haraid
1083 4545 1123 4602 og
1144 4526 1220 4584 Olor
1240 4525 1368 4584 onrtoiaa
1400 4543 1465 4584 som

219 4633 266 4729 'de
289 4635 307 4692 4
333 4627 538 4710 „Doglingar“
562 4631 620 4691 red
643 4629 823 4690 Stikleated.
1227 4705 1265 4775 3*
