3646 5348
365 320 404 398 l'e
792 319 987 386 anausim
1011 331 1175 390 sonsum

364 518 530 600 posthaec
553 517 584 582 in
608 535 715 597 regem
739 518 867 583 levatus
895 537 967 584 mox
995 519 1160 584 flaconem
1192 499 1385 598 insequitur.
1438 514 1496 586 lile
1530 531 1605 580 vcro

364 622 539 688 derelictus
562 641 583 686 o
603 623 671 687 suis
694 629 728 688 ct
748 624 780 688 in
803 623 873 688 sola
889 623 966 704 luge
987 643 1078 706 spem
1095 643 1219 706 ponens
1236 623 1366 690 devenit
1388 623 1421 686 iu
1443 621 1605 701 quendam

363 726 514 805 viculum,
527 726 634 792 Rimul
656 727 795 806 nomine,
819 727 929 810 ibique
947 730 1114 794 comaclo
1138 747 1233 794 servo
1251 745 1321 804 suo,
1335 725 1455 792 ΟιιΙιιιι
1467 725 1605 802 nomine,

364 851 384 896 a
405 831 585 897 concubina
606 850 663 897 sua
685 833 792 898 'lbera
813 833 846 898 in
868 834 1122 917 sre²porcorum
1143 833 1328 910 absconsus,
1352 847 1423 896 cum
1446 849 1548 912 sopor
1568 835 1606 894 ut

257 995 265 1011 ,
363 935 450 1002 solet
472 955 511 1001 ex
523 937 657 1002 tristitia
680 938 891 1019 obrepsisset,
914 939 1085 1005 confossus
1108 941 1139 1004 in
1163 944 1294 1020 gutture
1318 936 1488 1002 abeodem
1511 953 1605 1002 servo
1640 941 1655 986 ⁵

364 1042 505 1120 interiit3
528 1059 623 1122 quem
648 1046 756 1107 tamen
779 1049 897 1124 postea
917 1063 1043 1110 servam
1069 1048 1166 1126 caput
1186 1043 1306 1110 domini
1334 1045 1386 1108 sui
1416 1040 1604 1109 afferentem

363 1165 423 1228 pro
445 1149 579 1228 premio
602 1151 634 1212 ci
656 1147 780 1212 sceiere
802 1148 834 1214 in
857 1147 1022 1214 dominum
1043 1155 1233 1232 perpetrato
1257 1167 1313 1214 rex
1342 1147 1461 1229 laqueo
1494 1147 1604 1212 necari

360 1251 470 1334 jussit.

538 1436 616 1520 Cap.
637 1433 692 1506 XI.
736 1438 786 1504 De
808 1441 994 1508 constantie
1016 1439 1158 1522 ejusdem
1181 1440 1213 1504 in
1237 1439 1336 1506 aerbo
1359 1437 1431 1504 Dei.

448 1620 528 1688 Post
548 1622 619 1690 hacc
640 1623 782 1690 intendit
803 1623 944 1690 animum
978 1643 1034 1696 rex
1055 1625 1135 1690 totis
1157 1623 1280 1690 viribus
1300 1623 1439 1688 coelitus
1470 1622 1601 1704 adjutus
1640 1632 1671 1679 ιο

364 1728 580 1792 exterminare
602 1727 787 1793 idolatriam
812 1733 845 1792 ct
868 1730 1050 1794 daemonum
1082 1729 1203 1795 cultum
1229 1749 1248 1793 a
1270 1733 1342 1793 tots
1368 1727 1484 1810 patrie,
1513 1727 1604 1808 impi-

364 1831 548 1912 percutior
569 1833 672 1898 vinem
693 1833 814 1898 domini
838 1833 899 1899 ani.
944 1835 1050 1900 luatat
1068 1835 1221 1916 precibus
1250 1839 1284 1898 et
1308 1832 1604 1914 predicationibus,

364 1935 489 2002 addens
513 1936 697 2019 aliquando·
711 1939 816 2004 minas
829 1943 864 2002 et
874 1943 1028 2004 terrores.
1064 1939 1360 2020 Gemensuemque
1383 1936 1483 2006 edera
1506 1939 1605 2004 corda

363 2041 576 2107 barbarorum
599 2040 648 2107 et¹
670 2063 689 2107 ιι
710 2049 845 2109 veterno
867 2043 1023 2126 squalore
1043 2043 1189 2126 perfidiae
1212 2049 1246 2108 et
1265 2043 1504 2124 quodammodo
1527 2062 1602 2108 con·
1679 2027 1682 2032 Δ

364 2147 475 2229 genita
496 2145 623 2213 cultura
645 2147 836 2226 daemonum,
855 2166 952 2229 quam
965 2167 1140 2230 paenccnm
1164 2149 1250 2213 lacte
1270 2147 1382 2214 matris
1407 2143 1602 2222 ebiberant,
1639 2150 1669 2198 1⁵

364 2253 426 2318 nisi
448 2255 481 2316 in
503 2271 601 2318 mauu
623 2252 731 2318 valida
752 2272 816 2323 nan
839 2271 936 2335 posse
959 2253 1100 2334 liberari,
1123 2255 1252 2335 etquis
1274 2251 1604 2317 minusmovebsntur

360 2357 401 2422 ud
422 2355 531 2432 verba,
555 2356 681 2422 addidit
702 2356 891 2438 frequenter
913 2359 1102 2439 etverbera,
1126 2357 1287 2423 imitatus³
1309 2358 1472 2422 dominum
1496 2373 1602 2434 suum,

360 2461 414 2541 qui
437 2460 622 2526 vulneribus
644 2463 780 2528 sauciati
802 2459 921 2527 infudit
944 2463 1050 2528 oleum
1075 2471 1109 2529 et
1130 2466 1248 2541 vinum,
1272 2480 1330 2528 nec
1358 2479 1424 2527 non
1457 2469 1491 2526 et
1523 2459 1601 2524 illud

362 2564 600 2646 evangelicum:
623 2566 825 2648 compelle
848 2568 1321 2649 intrarc,utin1plcntur
1344 2567 1602 2632 domusmea.

361 2669 422 2735 Est
442 2668 533 2736 locus
556 2671 611 2750 qui
634 2670 752 2736 dicitur
772 2671 886 2738 Maeiin
908 2672 939 2737 in
962 2674 1164 2740 Nidrosicnsi
1188 2673 1348 2752 dioecesi3
1372 2674 1415 2775 ibi
1439 2680 1476 2738 ut
1498 2671 1600 2736 lentur
1636 2671 1668 2716 ²⁰

433 2874 540 2928 'reiut
557 2875 612 2940 (cfr.
628 2864 728 2940 Agrip:
747 2877 845 2944 (luka).
871 2881 955 2930 Barka
972 2880 1050 2936 ΑΚΒ.
1087 2881 1166 2936 ²AS.
1183 2881 1209 2932 K
1226 2886 1306 2932 retten-
1324 2879 1357 2932 til
1381 2880 1449 2930 lauru.
1486 2877 1601 2926 'rettct

364 2969 393 3014 ut
409 2961 486 3015 Aua.
522 2962 533 2992 ⁴
551 2965 583 3025 Δ,
601 2965 820 3018 menusanum:
839 2966 896 3032 lego
915 2970 957 3022 im.
976 2970 1130 3020 imbiberant
1147 2969 1172 3020 S.
1209 2968 1316 3020 'rottei
1333 2967 1367 3022 Κ.
1385 2965 1500 3018 innitetur
1516 2966 1567 3020 AS.

449 3141 489 3209 t„
523 3139 645 3197 devenit
663 3130 736 3216 etc]
756 3123 856 3218 Agrip
879 3143 928 3201 ab:
951 3141 1052 3202 flutisc
1075 3143 1244 3202 lilRemols
1266 3143 1301 3200 til
1324 3143 1405 3200 kono
1430 3141 1547 3216 belinas·
1568 3161 1602 3198 or

365 3239 439 3315 {lora
460 3241 514 3299 het
536 3261 568 3300 or
591 3261 646 3300 uer
673 3241 764 3318 fripla
784 3244 871 3303 hans.
895 3266 931 3306 oc
964 3249 1024 3308 hon
1058 3247 1164 3306 louudi
1192 3249 1303 3307 honum
1333 3265 1369 3305 oc
1401 3245 1562 3320 ltraelencm
1591 3247 1599 3304 i

364 3345 472 3405 salusti
495 3349 571 3405 aino.

449 3449 478 3508 3.
520 3441 654 3526 viculus]
678 3451 833 3529 Landsby,
854 3455 924 3514 her:
951 3455 1062 3517 Gaard.

448 3555 477 3612 4.
521 3549 763 3641 anepos-coram]
775 3557 823 3616 for
842 3558 936 3617 hara
958 3561 1272 3638 porcorum,l1yppigt
1292 3561 1303 3618 i
1325 3561 1407 3619 mlnt.
1426 3559 1601 3619 lrsFrank-

363 3659 438 3735 n'ge,
462 3659 528 3719 cml.
551 3659 678 3720 Versat:
723 3661 780 3721 Est
803 3665 855 3721 dra
877 3684 1039 3740 porcorum
1060 3667 1162 3726 brevis
1187 3671 1217 3724 et
1239 3683 1300 3724 uon
1323 3671 1377 3724 dre
1400 3664 1537 3724 deorum.

449 3765 477 3821 6.
522 3785 612 3842 quom
634 3771 735 3826 manen
765 3759 838 3844 etc]
863 3769 916 3826 clu.
948 3749 1047 3845 Agrip
1071 3771 1126 3828 27:
1171 3769 1217 3828 Ειι
1242 3770 1375 3844 praeleuu
1400 3769 1492 3830 Carcr
1512 3769 1601 3829 buri

363 3865 421 3926 lios
443 3867 569 3944 hmlupit
591 3889 627 3930 oc
649 3875 741 3931 uaenti
766 3893 815 3932 sen·
837 3873 870 3930 af
899 3873 947 3948 pai
973 3875 1035 3933 lifs.
1067 3894 1124 3934 anu
1147 3875 1228 3933 hans
1251 3895 1305 3934 var
1327 3875 1365 3950 bc
1387 3895 1451 3954 upp
1474 3873 1600 3950 hengbr.

450 3973 498 4029 11.
541 3973 696 4048 idolatria]
721 3979 769 4036 lor
789 3978 972 4050 idololatris,
997 3979 1130 4038 ollerede
1153 3980 1208 4039 hos
1232 3980 1341 4039 Isidos.

376 4103 382 4110 ·
449 4079 497 4136 17.
542 4081 676 4139 imitatus
711 4081 864 4142 dominum
898 4076 999 4160 suum]
1034 4085 1089 4144 cfr.
1111 4083 1201 4146 Lucae
1225 4085 1279 4146 Es.
1303 4085 1339 4156 X,
1365 4088 1403 4146 34
1423 4079 1471 4158 (ot'
1491 4103 1601 4162 appro-

362 4181 467 4256 prians
481 4177 717 4258 [Samaritanus]
731 4186 868 4263 alligavit
878 4188 1004 4248 vulnera
1017 4191 1093 4266 ejus,
1117 4191 1282 4250 infundens
1296 4190 1397 4251 oleum
1421 4196 1453 4248 ot
1475 4183 1599 4260 viuum),

361 4285 428 4347 idol
450 4286 527 4348 efter
549 4289 659 4350 Bsds’e
687 4293 757 4350 late
785 4291 914 4352 Homilie
944 4293 1171 4364 „Samaritanus
1193 4296 1389 4355 Dominum
1415 4289 1597 4370 significat.“

448 4392 496 4450 19.
541 4394 689 4469 compello
711 4385 841 4470 intusne]
864 4395 954 4456 Lucae
977 4399 1032 4458 Ειι.
1055 4401 1133 4472 XIV,
1158 4403 1209 4460 23.

447 4497 496 4556 20.
540 4489 662 4574 Meris]
686 4497 764 4560 hvad
788 4498 869 4560 Fors.
903 4501 959 4562 her
988 4505 1136 4566 lortoeller
1169 4525 1233 4566 som
1261 4506 1298 4564 e'n
1332 4503 1537 4580 Bagidonlied
1568 4507 1599 4562 at

363 4599 592 4660 Seidmaeudane
615 4601 842 4662 indebraendtes
865 4606 875 4662 i
897 4605 1037 4687 Templet
1058 4629 1118 4687 pau
1140 4610 1243 4682 Maure,
1266 4609 1373 4668 skilles
1404 4610 1494 4670 ellare
1527 4607 1565 4668 ud
1588 4609 1598 4668 i
