3654 5336
450 383 547 438 acra
565 385 695 438 saucrr
714 383 827 438 onavr
845 385 950 439 sanas
967 385 1015 440 ur
1032 385 1223 440 usarrars.
1374 369 1379 378 '
1397 391 1457 454 135

300 589 346 632 ιιι.
391 565 486 650 Apud
503 567 627 648 regiam
644 566 757 634 urbem
777 521 1095 651 consunninopolim
1117 547 1256 635 celebris
1278 575 1330 635 est
1350 571 1456 636 sancti

218 669 311 736 Oiavi
333 669 420 751 regis
450 674 484 738 et
512 672 663 754 martyris
687 672 852 754 memoria,
876 675 910 739 et
932 673 964 737 in
987 671 1118 739 civitate
1141 675 1255 740 eadem
1277 675 1311 739 in
1333 675 1456 741 bonore

217 775 288 857 eius
311 774 452 842 ecclesia
479 774 640 842 fabricata
663 783 725 842 cst.
769 775 898 843 Accidit
921 776 1059 859 quadam
1082 781 1289 860 tempestate,
1313 786 1350 845 ut
1371 798 1455 862 pre·

215 879 293 946 iate
321 877 412 946 urbis
442 881 621 963 imperator
649 882 794 947 exercitu
824 881 961 947 collecto
993 881 1148 947 adversus
1172 883 1332 966 quondam
1355 901 1455 966 paga·

165 990 181 1038 ⁶
216 999 330 1052 uorum
353 1001 461 1066 regern
484 985 705 1070 proeliaturus
716 985 919 1068 procederat.
964 985 1121 1054 Ordinata
1142 987 1307 1070 utrimque
1329 987 1400 1054 acia
1423 991 1471 1079 et¹

215 1087 325 1156 studio
349 1088 480 1156 militari
504 1089 665 1172 disposita
686 1087 806 1156 bellurn
825 1089 927 1157 inivit.
971 1089 1131 1157 Invadunt
1150 1091 1346 1158 christianos
1366 1107 1456 1158 acar·

215 1193 296 1258 rime
318 1192 450 1260 barbari
478 1199 512 1260 et
539 1193 572 1259 iu
601 1195 706 1277 primo
729 1185 906 1276 congressu
928 1194 1071 1261 victores
1095 1198 1254 1277 existuut3
1290 1194 1456 1263 occumbit

215 1312 291 1381 pars
320 1299 460 1364 maxima
488 1299 677 1365 Graecorum
710 1305 744 1364 et
778 1299 945 1364 christiani
976 1303 1137 1366 exercitus
1164 1301 1265 1368 robur
1293 1299 1454 1382 elanguet.

214 1403 377 1469 Restabat
398 1403 486 1469 acies
512 1420 576 1471 non
603 1402 746 1486 mandis,
774 1421 846 1487 que
869 1405 949 1470 nihil
974 1403 1060 1471 aliud
1084 1404 1336 1488 prestolabatur
1357 1423 1454 1490 quam

148 1523 181 1571 ιο
216 1513 362 1574 mortem.
418 1507 595 1575 Desolatus
624 1509 802 1591 imperator
831 1516 865 1577 et
893 1509 962 1575 iere
985 1510 1082 1576 corde
1107 1509 1288 1577 dissolutus
1311 1511 1353 1578 ad
1376 1511 1455 1578 divi·

214 1631 289 1680 num
313 1629 350 1679 se
373 1614 534 1679 convertit
556 1611 709 1679 auxilium
732 1620 767 1679 et
787 1613 877 1679 beati
899 1613 1051 1697 martyris
1076 1613 1168 1679 Oiavi
1191 1633 1286 1699 opem
1309 1615 1452 1699 prolusio

213 1717 338 1801 pariter
357 1717 513 1800 implorat
530 1717 690 1802 lacrymis,
714 1737 810 1802 quem
831 1736 892 1801 pro
912 1719 1041 1802 justitia
1063 1721 1282 1800 pugnantibus
1304 1721 1454 1805 frequen-

207 1827 265 1890 ·ler
286 1821 405 1890 adesse
427 1821 514 1889 inmo
533 1822 699 1890 referente
721 1823 919 1903 didicerant3
942 1829 1061 1891 vovent
1082 1841 1119 1890 se
1142 1824 1201 1890 sub
1223 1813 1352 1892 nomine
1372 1845 1455 1892 niar-

213 1927 295 2010 tyris
327 1933 362 1994 et
389 1928 422 1992 in
452 1928 576 1995 honore
606 1932 729 1994 sanctoe
752 1925 864 1994 Maris
887 1929 1020 2011 virginis
1045 1931 1079 1995 in
1100 1927 1181 1995 urbe
1202 1931 1292 2012 regia
1313 1929 1452 1999 labrice-

147 2053 178 2100 ιι
213 2035 304 2098 turos
334 2031 515 2112 ecclesiam,
550 2031 578 2095 si
607 2031 677 2114 ejus
705 2033 891 2100 interventu
920 2035 1060 2100 victores
1089 2040 1280 2102 remearent.
1326 2035 1454 2120 Oprae·

213 2133 334 2204 clarum
367 2139 402 2204 et
433 2135 559 2216 insigne
593 2135 796 2203 miraculum!
849 2139 994 2220 Apparet
1027 2143 1149 2221 martyr
1182 2138 1378 2222 quibusdam
1413 2142 1454 2210 ua

213 2239 358 2307 exercitu
386 2245 420 2305 et
447 2239 656 2308 christianam
680 2243 782 2309 aciem
805 2242 940 2324 signifer
959 2239 1096 2324 insignis
1119 2243 1286 2326 praeceaiit.
1330 2243 1455 2312 Humor

212 2345 337 2410 invadit
368 2345 520 2412 hostilem
550 2348 726 2414 exercitum
761 2355 794 2412 et
823 2354 912 2414 metu
940 2347 1047 2413 divino
1076 2347 1217 2431 perculsi
1247 2367 1361 2416 omnes
1384 2368 1453 2418 ver-

213 2453 325 2518 tuntur
350 2451 383 2516 in
405 2448 529 2532 lugam.
580 2449 740 2520 immanes
768 2450 935 2532 barbaros,
970 2451 1088 2535 quibus
1112 2452 1209 2536 paulo
1232 2459 1308 2520 ante
1331 2453 1452 2522 multus

145 2555 179 2604 ¹⁰
213 2559 248 2622 ct
268 2555 363 2622 tortis
391 2555 546 2622 resistere
569 2573 633 2621 non
659 2554 790 2623 valebat
817 2557 987 2638 exercitus,
1012 2555 1131 2624 auxilio
1155 2559 1307 2642 martyris
1330 2559 1454 2626 munita

212 2659 422 2745 persequitur
444 2662 529 2726 acics
551 2678 617 2726 non
639 2661 780 2744 grandis.
826 2661 875 2727 Fit
902 2677 1101 2744 paganorum
1125 2668 1252 2746 strages
1273 2660 1452 2748 innumera,

212 2771 247 2833 et
265 2764 376 2833 multis
400 2765 510 2832 onusti
532 2766 646 2849 spoliis
666 2765 806 2832 victores
826 2766 992 2833 christiani
1009 2772 1227 2834 revertuntur.
1271 2769 1454 2853 Imperator

210 2871 309 2954 igitur
337 2869 653 2952 Constantinopolim
677 2889 855 2952 regressus
890 2871 967 2951 voti,
1001 2889 1064 2954 quo
1099 2891 1135 2938 se
1169 2873 1256 2957 apud
1290 2874 1392 2962 deum¹
1420 2879 1454 2944 st

211 2977 342 3044 beatum
364 2982 538 3060 martyrem
566 2975 776 3058 obligaverat,
805 2992 869 3041 uon
892 2975 1071 3058 immemor,
1095 2977 1128 3044 in
1150 2977 1308 3046 honorem
1329 2985 1453 3046 sanctae

144 3078 177 3126 ²⁶
211 3080 323 3151 Marisa
345 3082 478 3164 virginis
509 3080 682 3150 ecclesiam
713 3080 909 3148 construxit:
937 3079 980 3148 ad
1008 3082 1099 3163 cujus
1129 3100 1210 3166 opus
1232 3082 1363 3151 lubricae
1385 3087 1453 3150 tam

294 3302 350 3378 111]
374 3306 470 3366 Gaisli
493 3309 627 3380 ara-56,
645 3307 733 3367 Hom.
765 3309 906 3368 151-52
930 3303 1005 3382 (111),
1030 3309 1266 3386 satagebo,
1289 3310 1349 3388 leg.
1374 3310 1454 3389 Saga

213 3414 272 3471 105
292 3407 488 3484 (hartillpiet
499 3409 689 3488 Satuingan:
713 3431 750 3472 en
770 3414 837 3489 aigi
854 3431 908 3471 var
928 3413 1021 3473 minui
1032 3414 1176 3501 libamus
1190 3435 1228 3472 cu
1240 3417 1368 3492 seatigir
1380 3436 1452 3475 raro

209 3535 260 3576 um
283 3509 386 3591 aium).
430 3513 522 3576 Hakr.
546 3517 605 3575 776
630 3495 757 3592 (Oiasso.
786 3537 811 3577 c.
840 3511 925 3590 eol).
970 3518 1083 3579 Snorrs
1105 3518 1162 3578 har
1184 3517 1292 3578 staerkt
1313 3519 1453 3596 bauyttct

198 3621 323 3689 ,Gaium
347 3619 553 3681 Stadsnanuat
581 3621 796 3682 Petrinavellir
825 3617 897 3696 (red
925 3623 972 3682 Fi.
995 3623 1116 3682 Bitaina
1136 3625 1147 3681 i
1168 3615 1356 3700 Bulgarisn)‚
1388 3625 1453 3685 Vae·
1569 3701 1571 3708 Ι

210 3729 370 3803 ringernas
389 3725 481 3785 Aulal
498 3720 675 3800 (halvicmta
698 3725 846 3785 Hundred
866 3735 899 3774 0²
925 3721 1010 3801 540),
1033 3726 1276 3788 Forholdstailat
1305 3728 1341 3787 til
1363 3727 1453 3789 Fian-

212 3832 306 3890 derne
327 3825 381 3905 (60
410 3830 481 3888 mod
514 3823 544 3903 1)
567 3847 608 3907 og
627 3829 912 3908 stag-Skildriugen
936 3827 1202 3908 (Vognborgsns);
1236 3832 1296 3892 luen
1325 3834 1453 3894 omtaler
1483 3873 1485 3879 ι

209 3933 292 4006 ikke,
315 3939 348 3994 at
370 3935 428 3993 dan
461 3933 571 3994 lorado
598 3934 830 4012 Kirkebygning
855 3935 927 3995 bier
956 3936 1071 4011 udiart,
1103 3956 1143 4014 cg
1163 3937 1282 4005 tiliniar
1307 3936 1452 3999 Navneue

210 4036 401 4114 Kyrialax
429 4033 475 4112 (⁰²
499 4039 622 4099 Alexios
645 4039 819 4100 Komueuoa
841 4035 861 4112 †
884 4033 977 4117 1118)
1000 4059 1041 4118 og
1066 4039 1193 4100 Thura
1224 4041 1394 4120 Halsing.
1438 4045 1453 4104 1

212 4141 271 4203 den
292 4149 393 4212 eterra
416 4143 622 4221 Haraldssaga
655 4141 748 4220 (Flet.
777 4145 831 4219 ΙΙΙ,
860 4147 931 4218 295,
959 4143 1045 4205 Fam.
1071 4143 1100 4205 S.
1123 4142 1173 4219 VI,
1200 4144 1356 4220 144-47)
1380 4149 1452 4208 hen·

210 4247 294 4316 ieras
316 4247 551 4324 Bagineniueden
572 4249 609 4308 til
630 4251 745 4310 liaraid
766 4241 973 4310 haardraadss
997 4248 1117 4327 Opholci
1147 4251 1157 4309 i
1184 4251 1451 4331 Konstantinopsl.

296 4354 346 4413 24.
390 4356 422 4412 in
443 4353 590 4412 honorem
613 4355 644 4413 S.
666 4347 786 4431 Mariae]
821 4353 906 4414 Hom.
930 4359 1110 4413 oversetier
1134 4355 1237 4427 „hinni
1260 4356 1361 4432 halgu
1383 4372 1452 4435 may

210 4455 312 4518 Maria
339 4475 383 4516 oc
416 4457 550 4517 binum
584 4456 709 4535 hrelga'
738 4459 859 4519 Olane
887 4455 1098 4536 konunge“‚
1121 4461 1178 4537 leg.
1205 4459 1285 4537 Saga
1306 4463 1452 4541 rigtigara

213 4563 318 4636 ghinui
335 4561 436 4640 hesiga
452 4557 582 4636 Merin“,
600 4561 724 4623 hvilken
740 4559 885 4641 Forslrjel
903 4561 963 4641 dog
978 4563 1051 4622 ikke
1069 4562 1126 4623 har
1144 4584 1246 4642 mogon
1268 4565 1451 4646 Belyduing,

212 4667 252 4727 da
271 4667 389 4728 Kirken
412 4667 492 4728 aiter
513 4667 602 4746 Linja
626 4669 707 4729 e-3
728 4688 782 4730 var
801 4667 921 4730 indriet
942 4687 1038 4748 ogaaa
1058 4667 1094 4729 til
1118 4668 1162 4729 St.
1186 4667 1271 4731 Olav.
