3640 5342
1355 305 1417 376 259

266 497 349 578 Raap.
392 497 501 576 ltaque
524 495 723 558 deuotissime
745 526 788 538 -
810 498 1022 560 disseminans.

265 624 333 664 uara.
376 605 448 664 Iesu
469 604 549 664 bone
573 631 612 643 ··-
636 607 751 680 posset.

264 700 375 768 Lectio
395 704 514 784 quina
558 699 711 766 lodutus¹
742 699 845 766 lorica
879 700 972 768 lidei¹
1012 701 1188 785 obilciebat
1222 717 1260 766 se
1297 703 1417 782 sponte

179 805 333 887 periculis
362 807 550 888 martyrium
583 804 613 870 si
646 805 708 870 deo
741 803 923 886 placuisset
954 807 1123 888 suscipere
1155 823 1219 870 non
1251 821 1416 874 recusans.

131 919 146 963 ⁵
183 909 254 988 Quo
277 908 461 993 comperto·
482 909 629 976 veniatis
650 909 765 976 hostes
788 908 1063 993 [conuocauerunt
1096 908 1264 977 consilium
1297 910 1415 994 iniqui·

180 1014 274 1080 tatis⁴
295 1015 424 1081 contra⁸
446 1013 612 1080 dominum
637 1017 671 1078 et
690 1011 849 1080 adversus
873 1014 1030 1081 christum
1051 1015 1131 1081 eius.
1176 1013 1256 1080 lirat
1276 1031 1417 1097 namque

182 1119 252 1183 eius
276 1117 424 1185 doctrina
446 1117 600 1200 operibus
622 1135 734 1184 eorum
757 1117 854 1184 valde
876 1120 1049 1185 contraris.
1093 1117 1151 1184 Tu.

265 1229 349 1307 Resp.
394 1228 656 1290 Confluebant-
682 1247 837 1290 ossuum.

264 1354 332 1395 am.
377 1334 504 1394 Confnsi
526 1361 565 1373 —
587 1335 620 1392 in
643 1333 719 1394 dies.

116 1448 148 1494 ro
266 1430 375 1498 [lectio
396 1432 436 1514 vj.
480 1431 574 1498 Unde
603 1429 734 1514 qudam
757 1448 796 1495 ex
819 1430 867 1496 eis
890 1431 1059 1497 cniusdam
1078 1432 1193 1499 kanuti
1213 1431 1279 1498 sui⁶
1305 1433 1421 1498 aduer-

181 1535 258 1602 sarii
281 1537 467 1604 muneribus
490 1535 635 1617 corrupti
658 1533 787 1617 quidam
810 1550 888 1600 vero
910 1535 1038 1602 malicie
1057 1553 1116 1602 sue
1135 1535 1421 1605 instinctunouam

180 1639 368 1721 religionem
391 1639 552 1723 paternis'
571 1638 699 1720 legibus
721 1640 917 1706 contrariam
938 1645 1128 1708 recusantes
1149 1638 1311 1722 [ordinato
1332 1659 1423 1708 exsr-

181 1742 264 1810 citu⁸
288 1743 321 1810 in
342 1744 416 1810 loco
440 1745 495 1828 qui
530 1742 627 1828 [nunc
660 1743 891 1810 sciolastadnm
924 1743 1123 1827 appellatur⁹
1150 1745 1355 1828 ignorantem
1389 1750 1424 1813 et

181 1866 202 1913 a
224 1866 284 1915 sua
304 1854 402 1931 gente
423 1847 610 1930 aliqualiter
631 1847 808 1914 distantem
829 1865 939 1932 regem
962 1847 1049 1914 bello
1073 1849 1248 1933 excipiunt.
1282 1929 1286 1936 .

118 1967 147 2011 ¹⁵
267 1961 351 2039 MP·
395 1961 604 2021 Florebat-
628 1960 756 2019 alacres.
863 2031 902 2044 ·-
1043 2008 1143 2054 1⁶48

265 2085 334 2126 vm·
378 2065 544 2128 Exultabat
568 2093 605 2106 -
635 1971 836 2141 degustans}
863 2045 902 2058 ⁸*
926 2029 956 2088 p
979 2011 1039 2071 2³⁵
1145 2052 1152 2068 ·

1089 571 1127 596 2
1152 569 1182 627 p.
1205 544 1380 610 paceo-so,

886 1301 927 1326 =
947 1301 979 1358 p,
1003 1277 1142 1341 235s-t,
1245 1285 1248 1292 ¹

633 2205 675 2272 Io
697 2208 790 2273 tertio
811 2211 965 2272 nocturno

267 2341 322 2390 ant.
366 2331 430 2392 Nec
452 2335 579 2410 propria
601 2361 638 2372 -
663 2335 821 2392 instantia.

266 2446 323 2495 cat.
366 2435 453 2494 Nouo
476 2454 577 2495 rarum
600 2464 637 2476 -
662 2436 852 2513 predicabat.
912 2457 952 2482 =
973 2455 1003 2512 p.
1028 2432 1201 2496 2492547.

116 2549 149 2593 an
268 2549 324 2598 cat.
368 2538 591 2599 Pradicationia
615 2567 654 2578 -
677 2540 853 2600 reuocabat.

266 2634 375 2702 Lectio
395 2636 449 2718 cij.
494 2635 559 2702 Sed
592 2635 831 2702 illustrissimus
865 2634 1016 2718 martyr¹⁰
1048 2636 1102 2718 qni
1130 2640 1220 2702 totus
1242 2654 1424 2720 suspensus

182 2741 214 2806 in
237 2740 453 2822 celestiapro
475 2740 605 2806 iusticia
628 2745 662 2806 et
683 2738 748 2805 fide
776 2745 979 2822 pugnaturus
1010 2740 1154 2806 exercitu
1187 2742 1337 2821 quanto¹¹
1364 2761 1423 2825 po·

182 2845 246 2910 tuit
267 2847 464 2926 congregato
488 2842 601 2909 obuiat
621 2843 769 2909 inimicis.
817 2842 1032 2923 [occumbens
1062 2850 1171 2910 autem
1194 2845 1280 2911 ille¹¹
1306 2853 1424 2931 quarm

182 2947 244 3014 lral.
273 2949 404 3030 augusti
436 2947 611 3013 millasimo
635 2948 787 3014 vicesimo
812 2950 929 3012 octauo
952 2963 1036 3012 anno
1060 2947 1100 3012 ab
1123 2949 1346 3018 incarnatione
1368 2952 1425 3019 do·

118 3065 150 3110 2⁶
185 3052 264 3119 mini
285 3051 425 3120 feliciter
447 3050 489 3118 de
513 3051 630 3118 castris
654 3049 695 3116 ad
719 3051 823 3118 eterni
844 3051 933 3132 regis
956 3049 1079 3133 palatia
1102 3053 1142 3118 de
1164 3052 1250 3120 bello
1273 3054 1426 3138 migrauit

188 3157 229 3222 ad
251 3176 376 3240 pacem.
420 3156 468 3222 Tu
491 3162 610 3223 autem.

267 3270 349 3346 Reap.
395 3270 569 3331 Rananerat
592 3297 627 3308 -
652 3265 870 3327 inexorabiles.
940 3335 979 3362 Ξ
1058 3316 1186 3376 236⁴·8

266 3394 334 3433 uera.
378 3375 417 3433 Hi
438 3392 511 3450 argo
533 3401 575 3412 -
598 3372 746 3432 christum
768 3361 875 3432 aius¹⁸.
1003 3336 1032 3392 β’
1188 3362 1195 3376 ”

267 3468 377 3535 Lectio
406 3470 474 3552 ciij.
534 3469 639 3534 Nocte
672 3469 771 3550 igitur
807 3467 1003 3550 precedente
1036 3466 1089 3532 die
1127 3467 1159 3533 in
1199 3487 1263 3550 qus
1302 3479 1425 3559 martyr

116 3590 148 3636 co
182 3574 322 3658 inclytus
345 3591 462 3657 passus
486 3579 538 3638 est
559 3573 689 3654 aparuit
713 3573 743 3638 ei
767 3570 917 3638 dominus
939 3571 1028 3637 iesus
1052 3570 1191 3638 christus
1212 3575 1322 3642 uerbis
1346 3594 1421 3644 eon·

182 3679 348 3746 solatoriis
382 3697 454 3744 eum
491 3677 688 3744 demulcens.
743 3675 870 3744 Accede
898 3675 1004 3759 inquit
1026 3675 1065 3740 ad
1089 3695 1140 3742 me
1164 3676 1282 3745 dilecte
1303 3681 1363 3747 mi:
1388 3685 1425 3748 ut

181 3784 329 3850 laborum
363 3788 492 3849 tuorum
526 3779 650 3847 fructus
678 3779 819 3862 recipias
847 3780 880 3846 ln
909 3779 977 3846 vita
999 3780 1197 3861 sempiterna
1219 3799 1292 3849 meo
1313 3784 1423 3852 scens

183 3888 359 3954 consortio.
403 3887 460 3952 Tu.

256 4029 400 4093 'iipitnr
416 4028 469 4079 Ros
504 4029 522 4081 i.
541 4041 601 4090 argo
620 4025 692 4076 Otth.
730 4027 783 4074 ’at
800 4023 930 4074 accinctus
947 4021 1034 4087 pudic
1056 4023 1162 4086 spiritns
1179 4023 1247 4089 qnod
1265 4031 1304 4079 eet
1320 4027 1425 4082 verbnm

183 4115 225 4167 (lei
241 4115 293 4171 till.
309 4117 369 4168 Ros.
419 4115 555 4179 'peracto
573 4113 615 4164 rel
633 4115 763 4178 comperto
782 4108 854 4162 octo.
911 4111 1116 4161 ⁴conuenerunt
1132 4127 1163 4163 sc
1180 4112 1323 4178 iniqnitatis
1342 4121 1425 4172 oonsi-

183 4203 247 4254 lium
268 4205 383 4256 inierunt
403 4204 463 4255 Bos.
488 4205 638 4254 corrnerunt
660 4201 733 4252 Otth.
788 4199 799 4230 ⁸
819 4197 939 4248 carmin
956 4197 1028 4251 oali.
1046 4199 1107 4254 Bor.
1162 4201 1173 4234 ⁸
1192 4202 1256 4266 mpl.
1275 4203 1347 4258 orm
1364 4207 1427 4264 Bos.

187 4290 320 4342 'scilicet
336 4291 386 4346 ull.
405 4290 476 4343 otuu
494 4291 554 4342 Ros.
610 4288 672 4342 ⁸0.
689 4303 749 4340 varo
768 4301 790 4340 a.
808 4285 880 4354 Ottlc
899 4285 1017 4336 ordinant
1034 4289 1172 4340 exercitum
1190 4291 1250 4345 Ros.
1302 4295 1427 4350 'dicim

185 4377 336 4430 etickehtad
353 4378 424 4430 occu
443 4393 510 4429 nuno
528 4375 686 4444 rtyolartedh
704 4374 798 4426 dicitur
815 4373 875 4424 Ros.
919 4375 945 4404 ¹⁰
965 4388 1010 4423 rau
1027 4373 1117 4425 elanus
1136 4376 1209 4434 Otth.
1265 4384 1289 4414 ¹¹
1310 4385 1337 4436 in
1355 4385 1426 4438 hreni

184 4470 305 4532 quantum
323 4465 395 4520 Otila
412 4466 473 4519 ilos.
512 4465 533 4496 ¹²
555 4463 635 4514 Porro
653 4467 682 4514 vt
699 4461 829 4527 gloriosus
847 4475 904 4510 aum
924 4459 985 4510 dens
1004 4468 1148 4514 coronaret:
1173 4467 1317 4532 iniquorum
1335 4473 1427 4526 lacui.

183 4556 266 4620 ipsum
286 4553 435 4604 occumbere
452 4552 577 4618 permisit
613 4550 739 4602 Occubuit
758 4555 845 4600 autam
862 4563 907 4598 rex
925 4547 1024 4603 elanus.
1070 4550 1093 4581 ¹¹
1108 4550 1156 4604 lrsr
1178 4557 1293 4610 etandser
1310 4561 1369 4615 Ros.
1395 4563 1427 4617 L.

183 4639 555 4707 vmogumpmoen.
1161 4713 1221 4776 17*
