3654 5336
402 379 462 441 166
699 370 935 425 mmusanruu
958 371 997 422 m
1018 368 1161 421 russam
1180 335 1351 420 sanorum.

483 559 533 624 De
555 557 620 623 istu
641 557 715 624 loca
737 555 853 638 incipit
874 560 972 635 terra,
995 572 1067 637 quae
1089 555 1222 621 Beata
1244 555 1362 622 dicitur
1384 552 1561 620 secundum
1585 572 1640 618 an·

401 664 522 749 tiques,
556 662 734 730 seeundum
769 678 845 728 veru
878 659 1053 726 modernos
1085 667 1222 727 vocatur
1254 664 1289 726 et
1322 660 1566 738 Frontarea,
1599 677 1639 724 ec

400 769 487 853 quod
509 768 599 835 irena
624 772 677 833 est
698 765 946 832 christianitatis
968 765 1088 832 ibidem
1117 771 1229 833 contra
1250 764 1398 832 infideles
1422 769 1455 831 et
1476 763 1522 830 ibi
1545 781 1640 846 opor·

399 879 468 942 teat
491 873 571 940 dura
593 872 700 938 bonta
722 871 900 938 barbaricis
923 872 1106 954 agminibus
1129 872 1265 938 viriliter
1288 871 1430 938 obviare.

483 979 545 1046 Hie
572 979 677 1062 primo
708 976 836 1043 venitur
865 977 907 1043 ad
937 995 1060 1058 nasum,
1091 977 1146 1059 qui
1176 977 1354 1059 Hispanico
1383 975 1501 1042 dicitur
1529 975 1639 1042 Cabc
1692 983 1708 1030 ⁵

400 1085 445 1153 da
467 1083 594 1164 Beta¹,
617 1087 733 1165 postea
753 1082 795 1146 ad
819 1082 928 1180 alium,
952 1083 1008 1166 qui
1031 1082 1148 1149 dicitur
1171 1082 1278 1148 Gaba
1302 1082 1349 1149 de
1371 1082 1499 1179 blata,
1523 1079 1640 1146 deinde

302 1219 310 1232 ·
401 1191 441 1257 ad
463 1189 606 1271 tertium,
630 1187 685 1272 qui
709 1187 920 1254 sarracenice
942 1185 1092 1253 vacatur¹
1112 1186 1332 1268 Tarialaga,
1353 1188 1404 1252 cui
1428 1205 1467 1252 ex
1489 1186 1640 1268 opposito

397 1295 514 1362 -hoc
532 1295 639 1362 estad
658 1291 923 1358 meridiem—in
945 1290 1063 1358 dffrica
1084 1298 1135 1359 est
1155 1311 1246 1359 mour
1271 1292 1460 1373 altissimus,
1483 1290 1538 1374 qui
1560 1291 1640 1358 dici·

399 1408 452 1468 tur
475 1398 586 1466 Oabo
618 1398 665 1464 de
695 1395 891 1481 Sparten.
944 1398 992 1462 Ex
1013 1399 1077 1464 isto
1100 1398 1173 1466 laco
1196 1404 1275 1465 sunt
1297 1397 1468 1466 Sarraceni
1490 1415 1530 1466 ax
1550 1402 1639 1462 utra·
1675 1433 1678 1438 -

320 1507 322 1512 ’
399 1523 462 1588 que
491 1509 595 1587 parta,
629 1521 764 1586 regnum
793 1503 947 1570 Granatae
977 1503 1018 1570 ad
1046 1503 1210 1572 sinistram
1241 1506 1273 1570 in
1296 1503 1463 1587 Hispania,
1493 1520 1569 1570 raro
1598 1503 1639 1570 ad
1677 1511 1710 1556 1⁰

401 1609 568 1678 dexteram
591 1609 719 1678 Adrica.

482 1714 581 1782 Modo
611 1715 784 1782 inchoatur
813 1715 947 1782 strictus
975 1716 1246 1798 Marrucbitanus,
1274 1715 1331 1782 ubi
1354 1715 1395 1782 ad
1418 1715 1584 1782 sinistram
1608 1715 1641 1781 in
1722 1783 1727 1796 ,

335 1817 339 1826 ’
401 1822 545 1887 Grauata
568 1826 621 1886 est
653 1825 804 1900 castrum,
838 1821 925 1903 quod
955 1821 1072 1887 dicitur
1101 1821 1339 1903 Galcadara,
1370 1820 1584 1903 arr-opposito
1606 1822 1640 1886 iu

399 1925 521 1994 Aiirica
549 1942 641 1992 mons
672 1926 830 1992 maximus
864 1945 962 2009 super
990 1927 1176 2010 Oaptam3
1211 1927 1330 1993 deinde
1359 1926 1391 1992 in
1422 1927 1566 1992 Grauata
1599 1925 1640 1992 ad

398 2031 513 2098 laram
537 2030 660 2114 inipso
685 2031 801 2098 strictu
824 2031 939 2099 ciritae
963 2051 1087 2114 magna,
1112 2051 1184 2115 qua
1207 2031 1476 2099 Iacer-steria
1495 2035 1639 2112 vocatur,
1677 2045 1709 2092 ra

399 2156 439 2205 ex
450 2139 604 2220 opposito
617 2136 659 2202 ad
672 2129 837 2204 dexter'am
850 2137 884 2203 in
895 2136 1015 2204 distica
1038 2137 1258 2221 Captensis
1281 2137 1395 2204 civitas
1409 2135 1638 2203 famosissima.

483 2243 595 2326 Usque
629 2242 671 2308 ad
704 2241 802 2308 istum
836 2243 944 2312 lacum
974 2241 1014 2310 de
1044 2243 1227 2325 Ulixibcna,
1261 2243 1324 2311 boc
1354 2242 1467 2309 estad
1490 2243 1640 2310 strictum

400 2347 685 2429 marrochitanum,
709 2351 759 2414 est
780 2349 844 2415 iter
866 2345 1003 2416 ducrum
1027 2347 1154 2418 dierum
1177 2355 1211 2416 et
1234 2350 1369 2416 duamm
1390 2349 1545 2430 noctium,
1569 2367 1640 2416 eum

399 2458 517 2522 ventus
546 2455 587 2521 ad
618 2453 747 2520 libitum
776 2452 926 2535 habetur,
950 2459 985 2521 at
1006 2459 1144 2538 possunt
1165 2454 1321 2522 aestimari
1345 2454 1580 2537 quadringenta
1607 2459 1642 2522 et
1683 2459 1688 2468 '

397 2579 443 2624 xn
465 2558 613 2626 miliaria.
1675 2583 1710 2628 ro
1818 2603 1819 2620 i

482 2665 562 2732 Post
585 2665 745 2732 modicum
769 2662 928 2748 spatium³
957 2665 1047 2748 jacet
1067 2667 1100 2732 in
1123 2666 1256 2732 strictus
1278 2665 1369 2732 exitu
1388 2684 1427 2731 ex
1447 2670 1543 2748 parte
1563 2665 1641 2732 sini·

398 2774 469 2836 stra
491 2771 523 2836 in
550 2769 697 2837 Granata
724 2775 867 2836 castrum
897 2771 1071 2837 maximum
1101 2777 1135 2836 et
1162 2771 1386 2852 fortissimum,
1415 2771 1502 2854 quod
1525 2771 1642 2837 dicitur

399 2876 639 2954 Gib'eitara,
663 2875 727 2942 alio
751 2874 880 2942 numine
903 2875 1026 2955 Vulan;
1061 2875 1180 2942 dicitur
1207 2882 1241 2942 et
1274 2879 1459 2980 quodqtnta
1481 2877 1641 2960 Hispania

399 2981 571 3064 quondam,
604 2999 676 3047 cum
711 2985 803 3047 esset
833 2979 1094 3062 christianarum,
1128 2988 1276 3065 tempore
1304 2983 1420 3049 Redici
1448 2983 1535 3064 regis
1564 2981 1640 3050 iuda

397 3086 527 3170 perdita
548 3085 619 3153 brit.
663 3085 726 3152 Hic
757 3091 791 3150 at
818 3085 959 3168 projecit
987 3085 1129 3153 Karalus
1158 3105 1293 3170 magnus
1321 3087 1470 3154 lanceam
1492 3105 1584 3154 suam
1606 3088 1639 3152 in
1675 3105 1709 3152 aa

397 3210 487 3259 mare
520 3191 682 3274 acquisita
714 3194 786 3256 tota
814 3189 982 3274 Hispania,
1014 3209 1087 3257 cum
1117 3197 1254 3275 propter
1282 3211 1371 3259 mare
1398 3193 1536 3260 ultanus
1558 3191 1639 3274 ipru-

397 3297 488 3378 gredi
510 3313 575 3363 non
597 3301 721 3379 posset.

481 3403 531 3469 De
553 3403 670 3469 strictu
684 3401 926 3468 Marmebitano
943 3401 1035 3485 jacet
1056 3405 1180 3467 rectum
1199 3402 1263 3468 iter
1280 3403 1431 3470 continue
1449 3405 1542 3486 jmrta
1559 3404 1639 3471 Gra-

397 3511 506 3574 natam
535 3525 640 3590 usque
662 3506 885 3588 Kartaginem.
934 3507 985 3572 Dc
1007 3505 1072 3572 isto
1096 3507 1214 3574 strictu
1236 3507 1350 3591 incipit
1371 3527 1460 3574 mare
1483 3509 1636 3576 mediter-

396 3629 529 3680 raneum
550 3611 673 3696 primo⁵
694 3616 875 3695 angustum,
897 3611 955 3677 sed
978 3611 1042 3676 cito
1065 3627 1181 3678 versus
1202 3612 1387 3679 barbariam
1408 3615 1449 3682 ad
1468 3615 1637 3681 meridiem
1673 3653 1709 3700 30

397 3717 579 3800 ampliatur.
623 3717 718 3782 Istud
746 3733 883 3799 regnum
906 3715 1059 3782 Granatae
1090 3715 1187 3783 durat
1208 3735 1269 3802 per
1290 3718 1469 3802 quingenta
1499 3720 1638 3786 miliaria
1814 3801 1815 3814 ἵ

393 3825 597 3906 juxtamare,
619 3839 657 3888 ac
680 3821 835 3905 deinceps
856 3857 896 3870 -
918 3821 981 3889 hoc
1004 3827 1066 3904 eat,
1090 3822 1131 3890 de
1155 3824 1272 3891 stricta
1292 3859 1330 3871 —
1349 3807 1401 3892 ast
1421 3825 1511 3892 istud
1533 3829 1638 3892 totum
1814 3819 1815 3877 i

396 3947 487 3996 mare
508 3946 569 4011 per
591 3927 730 3994 miliaria
752 3927 949 3994 distinctum.
990 3927 1039 3994 De
1071 3929 1188 3996 strictu
1217 3929 1258 3994 ad
1289 3930 1454 3997 civitatem
1477 3931 1638 4014 Malaga

396 4040 473 4101 suut
495 4038 624 4100 centum
653 4032 801 4100 miliaria.
856 4034 907 4100 De
937 4033 1065 4117 Malaga
1093 4033 1134 4098 ad
1163 4033 1357 4101 Muletam
1388 4033 1527 4103 ducenta
1554 4037 1636 4102 mili·
1813 4095 1814 4104 ,

478 4189 644 4256 'oprindciig
661 4191 718 4241 stud
735 4190 836 4254 Pethia,
853 4205 911 4243 man
929 4197 1004 4242 rcttrt
1022 4191 1051 4240 tii
1068 4191 1134 4246 Bata
1153 4189 1200 4242 Od.
1246 4186 1391 4256 ²rogatur
1408 4191 1454 4244 Cd.
1500 4191 1637 4258 ⁸Spartiel
1813 4113 1814 4183 1

396 4281 443 4334 Gd.
478 4274 568 4346 ⁴mgl.
586 4277 633 4330 Cd.
669 4273 756 4344 ’port
772 4279 817 4331 Cd.
845 4261 855 4282 ’

481 4405 508 4460 7.
553 4393 725 4478 Tarfalaga]
750 4401 833 4462 arab.
856 4401 932 4460 Turi
950 4399 1075 4478 aul-agar,
1098 4419 1140 4459 nu
1162 4400 1328 4498 Tradalgar.

482 4681 530 4740 15.
574 4666 786 4752 lazar-ateria]
810 4674 893 4735 arab.
917 4648 1132 4750 (iscire-Tarii,
1155 4693 1196 4735 nu
1218 4675 1329 4737 Tarifu.

486 4545 533 4603 14.
578 4532 690 4618 Capta]
714 4559 756 4601 nu
779 4539 884 4602 Cauta.

481 4809 531 4872 23.
575 4801 746 4887 Gibaltara]
770 4809 855 4871 arab.
878 4784 1079 4887 Gabai-tarik,
1099 4829 1142 4870 nu
1165 4809 1330 4872 Gibradtar,

1807 5149 1810 5317 i
