3654 5336
575 379 675 431 acra
693 374 914 432 saucuoaon
932 379 971 432 rn
987 376 1098 434 suero.
1390 375 1451 445 149

213 556 320 622 lenter
349 557 489 640 adeptus
520 563 585 636 est3
619 559 680 622 sub
712 557 774 624 boc
806 559 953 642 principe
971 565 1112 642 ,tempus
1139 577 1204 627 nou
1234 563 1396 628 modicum
1418 566 1451 629 in

211 660 377 740 predictis
398 663 512 728 insulis
542 661 647 728 sancti
671 663 724 728 dei
746 669 986 730 commorantes
1011 665 1142 730 domino
1164 667 1238 732 lesu
1260 665 1392 734 Christo
1419 671 1452 734 iu

205 764 311 857 muita
336 765 532 832 abstinentia
556 771 590 832 ot
610 766 826 848 paupertate,
851 767 1004 834 castbate
1028 773 1062 833 et
1083 771 1159 835 vitm
1182 772 1359 837 sanctitate
1382 788 1451 838 ser·

211 869 353 934 viebaut.
397 871 434 936 ln
463 871 514 935 his
543 871 657 936 insulis
688 871 828 937 noudum
857 872 1081 952 indigenarum
1104 873 1264 940 habitatio
1286 881 1368 956 erat,
1390 878 1450 943 aod

162 981 178 1028 b
212 973 269 1053 qui
290 973 324 1038 iu
346 979 434 1040 terra
455 975 617 1056 adjacenti
640 976 814 1056 (lugebant,
836 975 972 1060 peoore²
992 993 1053 1043 sua
1066 974 1111 1062 [iu
1125 979 1254 1060 pascuis
1268 979 1452 1047 ibi⁸·bubu·

213 1083 316 1144 aiunt.
363 1077 458 1160 [Oura
481 1093 570 1160 ergo,
592 1079 678 1146 sicut
700 1079 896 1162 soletsepe
918 1081 1116 1162 contingere,
1138 1097 1269 1162 pecora
1288 1099 1365 1164 quae
1381 1085 1453 1152 sinc

214 1181 404 1248 custodibus
426 1185 459 1248 in
481 1183 644 1250 montibus
665 1185 717 1250 val
739 1185 772 1248 iu
794 1184 910 1250 insulis
939 1201 978 1250 ac
1000 1181 1082 1250 loeis
1105 1191 1284 1267 procantis
1300 1202 1451 1271 campea-

212 1287 327 1366 tribus,
350 1305 414 1352 uon
438 1289 546 1354 omnia
572 1288 735 1354 interdum
764 1305 786 1352 a
809 1289 1057 1370 possessoribus
1087 1289 1303 1372 reperiuntur,
1335 1293 1454 1376 pagani

213 1391 255 1456 te
276 1391 438 1472 adjacenti
460 1397 548 1458 terra
575 1393 757 1470 vanientes,
791 1408 873 1474 quas
901 1393 1006 1473 prima
1032 1393 1116 1460 facie
1143 1410 1207 1460 nou
1230 1402 1385 1477 poteraut
1405 1400 1453 1462 iu·

148 1503 179 1550 10
213 1497 334 1574 venire,
368 1497 492 1562 bestias
524 1496 643 1563 iurtire
675 1495 854 1563 credebant
892 1497 1028 1564 ablatas.
1090 1498 1155 1564 seo
1193 1515 1266 1564 curn
1305 1499 1455 1568 riderent

212 1605 345 1666 munos
380 1601 432 1666 clei
456 1601 497 1665 ao
520 1599 594 1666 illae
614 1600 735 1666 insulas
755 1599 934 1680 devenisse,
964 1602 1101 1682 ignotos·
1117 1603 1180 1668 sibi
1202 1605 1315 1682 torma
1345 1604 1454 1684 lingua

211 1721 276 1769 uon
300 1704 533 1785 intelligibiles,
556 1705 714 1786 religione
744 1709 778 1770 et
807 1705 896 1770 cultu
919 1705 1180 1785 mortalitates
1202 1723 1278 1776 auae
1299 1709 1374 1774 illos
1398 1709 1453 1774 ab·

211 1807 350 1876 etulisae
370 1807 492 1876 trustra
514 1810 767 1876 arbitrabantur.
811 1809 877 1876 seu
899 1815 989 1877 certe
1012 1809 1260 1878 existimandum
1282 1828 1346 1878 uon
1372 1817 1453 1895 erat,

211 1919 251 1978 ut
271 1916 378 1980 sancti
407 1913 470 1994 dei,
500 1915 556 1997 qui
584 1929 644 1997 pro
671 1913 874 1982 obseruanda
894 1917 1024 1994 virtute,
1046 1931 1087 1982 uo
1109 1911 1232 1982 illicitis
1255 1920 1454 1988 contamina·-

147 2024 178 2072 ιι
213 2023 326 2084 rentur
358 2020 523 2100 operibus,
562 2021 790 2102 possessiones
823 2019 1031 2101 patriamque
1065 2016 1275 2101 reliquerant,
1313 2021 1454 2088 ebenum

214 2121 338 2204 aliquid
369 2123 434 2189 sibi
460 2125 494 2188 in
522 2115 619 2190 exilio
653 2123 874 2206 usurpamus.
919 2122 1167 2205 Despiciebant'
1181 2131 1291 2194 tatum
1316 2125 1456 2194 iamulos

213 2227 267 2294 ‹lal
288 2227 446 2306 homines,
466 2228 621 2296 uidelicet
640 2231 769 2310 pagani,
792 2229 877 2294 sarri
896 2227 1029 2306 diaboli,
1052 2247 1071 2294 a
1094 2229 1158 2293 deo
1180 2228 1287 2309 alicui,
1312 2235 1345 2296 st
1366 2230 1457 2298 aaut

212 2333 303 2399 bruas
319 2337 355 2399 et
369 2332 514 2398 latrones
530 2333 780 2412 abominantes,
802 2333 923 2398 inuitas
947 2331 1080 2414 iujurias
1102 2331 1150 2398 eis
1170 2333 1361 2400 intulerunt.
1405 2335 1456 2400 la-

213 2437 325 2520 supur⁶
346 2436 388 2504 ud
409 2436 603 2519 predictum
626 2439 779 2504 comitem
802 2437 977 2520 [venerunt
992 2440 1144 2516 rogantes
1164 2437 1260 2518 euml,
1283 2444 1321 2504 ut
1341 2444 1455 2521 supsr'·

147 2553 181 2600 ²⁰
215 2542 349 2610 veniens
370 2557 443 2608 cum
463 2542 609 2607 exercitu
632 2541 771 2608 lamulos
795 2543 847 2606 dei
869 2541 1057 2607 trucidaret.

298 2661 341 2714 va·
385 2645 547 2728 Malignns
575 2642 674 2726 igitur
701 2661 810 2712 corner
838 2644 1148 2726 filiuslniquitatis,
1183 2645 1456 2712 membrumdia·

215 2752 292 2831 boli,
315 2751 356 2817 ad
373 2752 512 2817 virtutes
536 2751 658 2831 tardos,
679 2752 720 2816 ad
742 2749 993 2831 flagitiaralox,
1013 2749 1135 2831 iniquis
1162 2751 1380 2832 petitionibus
1404 2767 1457 2818 ac·

216 2855 389 2938 qnissoens
419 2871 491 2920 cona
517 2861 644 2920 armato
665 2855 811 2924 exercitu
832 2853 874 2920 ad
895 2853 1064 2935 proram
1086 2853 1226 2921 maulam
1246 2855 1456 2937 properabat,

217 2967 253 3026 ut
275 2964 408 3028 sanctos
432 2959 485 3024 dei
508 2959 535 3024 si
557 2959 702 3030 iuvenire
724 2965 837 3040 posset
855 2961 1068 3040 extingueret.
1114 2959 1224 3026 Sancti
1242 2958 1367 3026 autem⁸
1388 2959 1457 3026 hmo

149 3081 182 3128 aa
217 3065 366 3132 sidentes
388 3081 505 3146 specus
529 3081 604 3130 suos
625 3063 801 3150 intrabant,
821 3063 949 3150 [preces
971 3064 1013 3132 ad
1031 3064 1125 3131 deum
1145 3059 1280 3132 devotas
1293 3061 1458 3133 effunden-

215 3177 268 3238 tes
289 3187 362 3236 oum
383 3169 559 3250 lucramini
585 3173 620 3232 ut
644 3168 812 3236 animabus
833 3169 901 3234 suis
924 3169 1071 3250 requiem
1093 3173 1250 3237 eternam
1273 3169 1377 3247 deret,
1400 3187 1454 3236 se·

217 3273 380 3358 pulturam
409 3287 487 3338 vero
515 3272 706 3353 corporibus
733 3273 793 3338 sub
816 3271 958 3353 scopulis
981 3287 1083 3354 super
1103 3289 1163 3338 eoa
1184 3271 1378 3340 mdaubbus
1401 3289 1456 3339 an·

217 3374 323 3462 gelico
346 3377 517 3460 praeberet
539 3373 656 3442 officio.
700 3375 819 3456 sicque
852 3375 973 3442 iactum
1006 3380 1073 3456 est3
1106 3393 1181 3462 narn
1210 3376 1358 3443 ruentes
1388 3393 1458 3443 aco-

217 3482 285 3566 puli
309 3485 435 3562 [omnes
453 3479 605 3564 periter¹⁰
627 3484 863 3562 oppresserunt
885 3485 919 3546 et
939 3483 1124 3548 sanctorum
1147 3481 1280 3559 animae,
1303 3479 1456 3546 meleiac-

151 3599 184 3647 oo
219 3591 325 3654 torum
348 3584 535 3652 subtractas
556 3583 660 3664 iuriis,
688 3583 781 3650 coelo
804 3583 1025 3650 reddiderunt.
1075 3584 1192 3666 Sitque
1219 3583 1304 3664 regis
1331 3581 1398 3650 iilia
1425 3588 1459 3650 et

220 3692 313 3776 [post
332 3703 404 3758 eum
427 3690 564 3756 comites
587 3688 695 3770 eius¹¹,
715 3690 770 3770 qui
788 3687 918 3756 inerant
938 3689 1018 3756 socii
1036 3689 1265 3768 tribulationis,
1289 3695 1458 3754 consortes

220 3795 327 3864 abacti
354 3793 473 3876 gaudii,
502 3795 544 3860 (le
568 3793 713 3860 cavernis
735 3799 899 3874 petrarum
922 3793 1127 3860 adducuntur
1149 3794 1205 3878 [ud
1226 3793 1384 3875 palatium
1405 3805 1457 3858 re·

217 3901 270 3981 gis
293 3896 522 3980 sempitoruin,
557 3897 627 3980 [ubi
655 3896 739 3962 incie
767 3897 808 3962 ad
823 3895 953 3992 'faciem
975 3897 1072 3964 decim
1095 3898 1270 3979 intuentur,
1293 3897 1363 3980 eius
1387 3896 1457 3964 oui·

291 4147 298 4178 ¹
319 4147 366 4200 har
381 4149 510 4212 bcgyuular
528 4148 699 4210 bagaudas-lat
717 4142 735 4208 (.
752 4184 759 4198 .
778 4143 911 4212 spartace).
953 4143 1056 4198 ’Bran
1074 4155 1176 4213 pectora
1193 4143 1225 4210 (i)
1244 4147 1307 4213 Lag.
1355 4141 1367 4174 ⁸
1384 4149 1458 4200 Brar.

219 4239 255 4288 lbl
272 4239 299 4288 ln
317 4237 418 4302 mnis
436 4237 498 4300 bag.
533 4231 602 4286 *ira
619 4229 632 4298 [
648 4227 713 4300 Lag.
731 4236 846 4299 contigit
864 4243 948 4286 uum
965 4245 1025 4300 sapa
1044 4247 1138 4301 pecora
1156 4248 1208 4286 non
1226 4237 1312 4288 omnia
1330 4251 1345 4286 e
1362 4248 1459 4301 posaeo·

219 4327 318 4378 mibus
335 4325 454 4376 inveniris
479 4325 574 4376 tarbua
596 4340 613 4372 a
636 4326 730 4376 sanctia
757 4323 850 4377 trustra
871 4326 1031 4390 suspicantur
1058 4324 1157 4377 ablata:
1186 4325 1262 4376 liuor.
1313 4319 1419 4376 ⁸reataa
1433 4325 1463 4376 aa

218 4415 312 4478 Lgbk,
330 4427 450 4480 usurpare
469 4414 532 4478 bag.
568 4408 659 4476 ‘1¹03-
686 4414 722 4488 Et
738 4414 867 4465 vanicutca
885 4413 961 4464 Brev.
998 4407 1088 4476 'Lep
1116 4413 1242 4476 rogabant
1259 4413 1332 4462 Brev.
1358 4407 1381 4472 ,⁸
1397 4413 1477 4480 Lag.-

219 4503 281 4568 mgi.
300 4503 374 4552 Brav.
412 4497 503 4564 ‘Item
522 4511 622 4552 oraotaa
639 4517 696 4552 caru
716 4501 843 4568 lachrimis
861 4503 990 4550 domiuum
1008 4502 1081 4551 Brev·
1125 4495 1148 4525 ¹⁰
1164 4499 1228 4569 Lag.
1245 4507 1367 4566 martyres
1386 4501 1460 4552 Brau.

222 4585 242 4618 ¹¹
260 4585 323 4655 Lag.
343 4589 396 4640 aius
412 4566 519 4639 'comites
538 4589 611 4639 Brea.
654 4583 684 4614 '¹’
702 4587 777 4639 Brev.
797 4589 822 4638 iu
842 4589 963 4653 templum
982 4589 1049 4652 regia
1067 4587 1132 4652 Lag.
1426 4576 1429 4585 ¹
