3640 5342
407 353 469 418 282

410 541 542 620 predicti
575 540 674 602 edhno
707 543 780 600 eunt
807 537 980 615 insignum
1004 540 1141 600 mireonli
1161 541 1194 600 in
1216 539 1348 601 eooleeie
1368 555 1434 600 ene.
1457 539 1509 602 nbi
1533 559 1647 618 oorpne

408 649 475 708 eine
509 650 557 706 eet
589 645 752 722 eepnltnm.
807 643 944 717 Qnedem
970 644 1063 703 etiem
1092 645 1201 706 oinitoe
1230 646 1262 704 in
1291 644 1396 704 rnnoie
1422 641 1525 706 enbito
1554 646 1647 706 deno·

408 757 490 812 etote
523 758 590 811 eret
621 751 750 810 maximo
778 748 931 808 incendio.
960 750 1005 806 ite
1033 749 1116 825 qnod
1136 749 1252 809 nnllnm
1275 749 1421 809 enxilinm
1444 754 1511 810 eret
1531 751 1647 811 senien-

407 857 478 918 dnm
511 857 549 917 eb
582 855 764 916 hominibus.
809 853 939 926 Quidem
967 871 1042 914 nero
1065 853 1211 914 eeeerdoe
1246 855 1284 914 de
1317 855 1449 915 eooleeie
1476 857 1647 933 ymeginem

406 964 505 1024 eenoti
527 961 661 1022 mertinis
684 958 772 1019 Oleni
800 957 929 1037 efferens
958 961 1066 1017 oontm
1092 958 1267 1020 inoendinm
1293 959 1376 1020 illem
1398 961 1507 1020 tenuit.
1530 965 1563 1020 et
1584 965 1645 1032 ete?

407 1069 461 1128 tim
481 1051 615 1128 flnmmo'
621 1066 792 1142 ymaginem
813 1063 935 1140 fugiens
959 1062 997 1123 od
1019 1067 1133 1124 terrem
1156 1057 1292 1125 oeoidit¹.

501 1172 623 1233 Accidit
656 1189 779 1248 qnoque
813 1169 897 1246 qnod
934 1169 1057 1246 quidem
1089 1169 1258 1247 imperator
1290 1171 1645 1247 constantinopolitanun

406 1277 520 1338 bellum
547 1277 675 1337 heberet
703 1295 770 1335 enm
800 1275 938 1352 pegenie.
962 1279 993 1333 et
1016 1275 1098 1351 qnod
1122 1276 1234 1352 pegeni
1256 1277 1287 1334 in
1311 1276 1442 1352 deenplo
1466 1275 1571 1352 plnree
1594 1295 1645 1336 er·

405 1387 505 1443 metoe
545 1381 700 1442 bobebnnt
733 1399 824 1456 quem
857 1379 1016 1439 ohrietieni
1050 1379 1162 1440 multoe
1197 1380 1379 1441 ohrietionoe
1413 1381 1644 1442 interfecerunt.

405 1489 520 1549 Vident
558 1491 660 1548 entem
696 1487 865 1564 imperator
901 1485 1069 1562 perieulum
1107 1486 1267 1545 maximnm
1301 1487 1402 1545 ornnit
1434 1487 1474 1545 ed
1506 1490 1644 1547 sanetum

402 1595 532 1656 Olenum
555 1593 672 1652 dioene.
717 1591 741 1651 Ο
764 1591 958 1651 eenotiseime
980 1592 1087 1650 martir
1109 1595 1141 1650 et
1161 1595 1322 1667 protector
1344 1591 1551 1651 desolotorum
1572 1611 1644 1652 eno·

403 1719 491 1760 onrre
514 1697 605 1757 miobi
627 1701 658 1757 et
680 1699 755 1758 mein
776 1697 808 1754 in
830 1695 889 1755 hiie
912 1697 1025 1772 poeitie
1048 1695 1309 1756 tribulationibus.
1361 1695 1403 1756 Et
1424 1699 1451 1755 ei
1470 1697 1563 1756 miehi
1583 1697 1644 1756 iem

401 1809 512 1864 oontre
540 1821 678 1880 pegenoe
707 1801 846 1860 inimiooe
871 1801 970 1859 oruoie
993 1799 1101 1860 obrieti
1123 1802 1284 1860 niotoriem
1307 1803 1510 1861 oonoeeeerie.
1534 1803 1566 1860 in
1587 1806 1642 1862 tno

401 1910 519 1970 honoro
545 1906 694 1983 templum
714 1905 953 1984 puleberrimum
976 1909 1007 1964 ot
1029 1923 1150 1965 ornnem
1173 1924 1296 1966 enreem
1318 1905 1385 1966 fieri
1407 1907 1527 1966 ieoiem.
1572 1907 1642 1968 sta·

400 2016 456 2075 tim
484 2015 581 2092 igitur
601 2017 637 2072 nt
657 2011 754 2072 uerbo
775 2012 986 2088 compleuerat
1007 2011 1093 2069 uenit
1114 2015 1239 2072 eenotnr
1262 2011 1370 2071 martir
1392 2003 1561 2088 [tanquan
1582 2021 1640 2071 rex

401 2115 576 2180 coronetur
599 2107 721 2176 eedene
745 2127 843 2192 snper
865 2126 983 2191 equum
1007 2105 1115 2172 elbum
1140 2113 1284 2174 ermotue
1307 2115 1425 2176 habene
1447 2119 1480 2177 in
1502 2116 1642 2178 menibus

400 2224 554 2285 uexillum.
598 2214 635 2280 In
663 2231 727 2281 uno
760 2213 864 2281 latore
887 2213 1011 2280 habene
1035 2227 1163 2278 crucem
1187 2214 1319 2281 mbeem
1343 2231 1415 2280 oum
1439 2231 1561 2282 corone
1581 2213 1642 2298 pli·

402 2327 478 2390 ceto
510 2325 664 2403 tanquam
698 2319 739 2386 de
772 2318 883 2401 spinis.
921 2322 955 2384 et
983 2316 1131 2384 omnibns
1160 2317 1258 2384 ermis
1286 2317 1410 2385 christi.
1455 2319 1499 2385 Et
1520 2319 1553 2386 in
1576 2318 1642 2386 elio

398 2425 506 2495 latere
536 2441 627 2492 arma
659 2423 764 2491 sancti
798 2422 939 2490 martiris
970 2431 1076 2491 dinone
1106 2431 1144 2488 oi.
1189 2429 1358 2509 Sequimini
1384 2451 1431 2492 me
1460 2433 1490 2492 in
1520 2434 1641 2494 nomine

401 2541 489 2601 ibeen
513 2539 629 2599 ohrieti.
655 2542 686 2597 et
714 2537 877 2598 niotoriem
898 2535 1091 2595 obtinebitis.
1115 2537 1187 2612 quie
1209 2540 1338 2596 nooetne
1362 2527 1488 2596 eernm'.
1531 2536 1574 2596 nt
1595 2537 1640 2603 eie

402 2665 456 2706 eoe
477 2642 649 2722 preoedene
679 2643 742 2721 ipei
772 2642 870 2702 renuti
892 2645 973 2701 eunt.
1017 2639 1107 2713 Quod
1129 2643 1241 2719 pegeni
1262 2641 1405 2701 uidentee
1429 2660 1534 2701 omnen
1555 2641 1642 2719 inge·

398 2754 482 2810 runt.
526 2748 568 2809 Et
596 2749 648 2827 qni
677 2749 784 2825 ingere
814 2766 875 2806 non
899 2749 1045 2822 poterent
1063 2747 1221 2806 interiecti
1243 2751 1325 2806 nunt.
1369 2747 1455 2806 Tnno
1475 2747 1643 2824 imperator

403 2856 493 2916 deum
525 2857 557 2913 et
589 2857 728 2914 renotum
761 2853 916 2912 martirem
946 2851 1075 2911 Olenum
1103 2850 1272 2911 benedixit.
1296 2857 1328 2910 et
1349 2852 1532 2928 prominenm
1555 2871 1642 2912 enum

403 2960 603 3021 denotieeime
637 2956 812 3035 compleuit.
846 2956 887 3017 ed
920 2957 1005 3016 enine
1039 2975 1118 3034 opue
1147 2956 1274 3017 fabrine.
1304 2960 1366 3015 tom
1394 2957 1508 3016 denote
1529 2956 1588 3016 init
1607 2961 1643 3017 nt

403 3068 548 3142 prompte
577 3062 687 3142 populi
719 3063 846 3122 niotorie
879 3061 996 3122 obletio
1030 3065 1181 3137 quotenne
1206 3039 1351 3138 'periente
1372 3061 1504 3120 eooleeie
1524 3063 1641 3139 ingenti

403 3176 435 3230 et
467 3169 602 3248 perootie
637 3167 777 3227 omnibns
811 3187 871 3244 qne
898 3166 938 3226 ed
965 3168 1031 3226 eine
1058 3172 1198 3226 ornetnm
1226 3170 1315 3226 erent
1336 3167 1518 3226 nooeeeerie.
1542 3167 1642 3226 edbno

402 3273 530 3335 multum
563 3277 744 3348 enpereeeet
776 3271 814 3330 de
849 3271 954 3332 oblate
981 3272 1122 3346 pecunie.
1165 3271 1207 3331 Et
1230 3275 1374 3349 qnantum
1398 3271 1456 3330 hiie
1478 3271 1642 3334 benefitio·

402 3398 469 3440 rnm
499 3377 640 3455 insigniis
675 3379 808 3438 omnium
842 3379 959 3436 onimne
992 3378 1023 3435 in
1055 3375 1139 3435 betti
1167 3378 1300 3436 martiris
1331 3377 1481 3454 obsequio
1510 3376 1641 3437 donotne

403 3485 558 3544 extiterat.
591 3482 753 3542 multorom
779 3501 881 3543 rernm
910 3485 1019 3541 ornate
1045 3481 1256 3558 preoioeitete.
1277 3482 1309 3540 in
1333 3500 1394 3559 qne
1421 3483 1490 3558 ipee
1523 3484 1642 3560 requie·

403 3590 464 3650 eoit
485 3589 620 3648 tentetur
642 3587 784 3648 eooleeie.

476 3771 481 3800 ¹
503 3767 614 3829 Propter
631 3763 679 3814 boo
703 3765 854 3817 mireenlnrn
876 3765 931 3816 bno
955 3765 1045 3817 oiriter
1063 3771 1122 3829 poet
1137 3765 1186 3816 boo
1204 3766 1302 3830 ineepit
1318 3771 1433 3816 eenotnm
1452 3765 1560 3817 Olenum
1576 3781 1641 3817 mer·

402 3862 484 3924 tyrem
510 3855 536 3904 in
565 3853 675 3905 menime
702 3853 835 3905 devotione
866 3853 968 3916 bebere,
996 3852 1067 3921 eujue
1090 3853 1183 3904 ieetum
1200 3858 1240 3904 oet
1257 3853 1325 3903 indie
1342 3859 1487 3905 eenotorum
1504 3857 1642 3922 inemptum

402 3943 497 3996 Felioie
516 3947 543 3993 et
559 3941 696 4007 Simplioii,
713 3941 830 3994 Faustini
848 3947 874 3993 et
893 3943 1024 3995 Beotrioie.
1042 3941 1093 3994 tin,
1113 3941 1181 3994 mn.
1224 3943 1233 3972 ²
1255 3941 1316 3994 enel.
1335 3957 1412 4006 ogone
1430 3941 1507 4004 mn„
1526 3942 1596 3994 nndt.
1615 3946 1643 3992 et

403 4031 446 4083 det
463 4031 521 4082 hnr:
552 4035 608 4086 bene
634 4035 745 4082 mmetm
766 4031 862 4082 hebeno
885 4031 912 4082 in
933 4031 1050 4082 mnnibne
1068 4031 1119 4081 enie
1136 4029 1260 4081 vexillum
1277 4050 1327 4084 orm
1345 4031 1496 4097 altoponte
1515 4043 1539 4083 ee
1558 4055 1588 4066 ·-
1609 4053 1642 4066 -

401 4121 519 4187 martyria
540 4119 616 4174 obet
630 4131 653 4174 et
670 4121 735 4174 dixit
753 4123 896 4188 imperatori
912 4147 944 4158 -
963 4119 1099 4173 corintio
1118 4119 1147 4173 S·
1169 4117 1250 4172 Oieve'.
