3668 5348
341 363 573 422 rusucurium
590 367 826 430 Assiduum
843 367 968 432 mauu
982 369 1298 430 nuuuuumnsmu.
1399 375 1438 441 tt

202 547 385 622 kmnndes
407 552 440 616 in
462 551 602 620 bisturia
622 571 693 634 sua,
716 557 922 634 erumpentes
944 553 1160 623 deldmctidis
1178 555 1360 637 penditus,
1383 555 1440 620 ubi

203 669 262 718 aus
293 653 398 723 iertnr
427 656 604 726 inclusisse
635 658 817 728 Alexander
849 675 985 738 maguus
1016 657 1102 726 filius
1134 657 1276 740 Philippi
1297 695 1339 706 -
1360 675 1441 740 gens

203 755 357 825 semiiern
379 763 414 824 ct
434 777 455 827 a
475 761 546 826 Dec
569 761 779 838 alienissima,
802 760 906 828 inrma
938 761 1036 828 etiam
1071 763 1268 844 turpissime,
1302 781 1376 830 nam
1407 764 1440 831 in

203 861 309 942 capite
330 880 390 943 pro
413 865 516 930 oculis
538 867 631 946 qnasi
654 865 732 935 bina
753 865 911 932 foramina
931 865 1106 945 habebant,
1130 866 1232 934 veluti
1250 868 1443 948 ⁴nigerrima

153 971 169 1021 ⁸
204 965 276 1046 pice
298 965 415 1046 inlusa,
436 967 614 1050 statimque
638 970 798 1051 puerulis¹
830 969 1024 1036 secabantur
1047 977 1154 1051 ‘genua
1187 977 1225 1036 ut
1255 988 1328 1038 cum
1355 971 1442 1041 lacta

204 1068 318 1146 matris
343 1069 506 1140 discerent
534 1075 569 1138 et
599 1073 734 1141 vulnera
764 1073 833 1156 pati
856 1073 952 1147 -ni
987 1089 1065 1154 erge
1097 1080 1227 1156 repertu
1261 1075 1352 1144 aditu
1383 1093 1443 1158 per

203 1175 375 1244 transitum
398 1176 565 1258 enjusdam
589 1176 708 1246 cervae²
728 1178 952 1259 expaudenmt
972 1195 1121 1260 sesnper
1142 1177 1259 1248 faciem
1283 1179 1443 1247 universe

205 1282 304 1348 teme
325 1297 415 1346 mura
437 1281 633 1350 locustarum
652 1300 727 1348 curn
748 1300 827 1363 ruge
848 1299 907 1351 sse
929 1281 1033 1356 attila
1053 1288 1333 1366 peruagautaaqne
1354 1289 1443 1355 tutas

206 1381 331 1448 Gallias
354 1385 461 1450 omnia
483 1385 692 1468 repleverunt
708 1385 840 1467 rapinis,
861 1385 1030 1465 incendiis,
1041 1385 1346 1466 abominationibus,
1368 1405 1445 1470 prn-

139 1491 172 1538 ¹⁰
205 1485 356 1552 sanantes
385 1495 498 1554 sanctu
524 1489 597 1556 luca
625 1495 659 1554 et
687 1491 721 1554 iu
743 1489 953 1555 solitudinem
975 1491 1169 1570 redigentes.
1209 1491 1267 1557 Isti
1289 1498 1368 1558 snut
1389 1493 1444 1575 qui

207 1591 449 1659 trucidaverunt
477 1594 608 1660 beatum
637 1594 799 1660 Nicasium
829 1593 1058 1660 Rbemeusium
1084 1596 1345 1683 archipresulem
1380 1615 1445 1662 uua

206 1715 279 1764 cum
300 1697 398 1765 beata
420 1697 544 1780 virgine
565 1697 725 1782 Eutropia
748 1716 861 1765 sorore
883 1699 1028 1782 eiusdem
1050 1705 1086 1798 et
1112 1701 1275 1766 civitatem
1311 1701 1445 1766 Rhamis

278 1849 285 1880 ⁸
321 1853 374 1904 AS.
394 1855 501 1918 pueriles
519 1853 551 1904 K.
590 1849 677 1904 'alt
695 1855 761 1904 cervi
781 1853 808 1906 S.

296 1991 322 2048 l.
365 1979 551 2066 Jcrnandea]
575 1991 621 2050 De
655 1991 746 2049 rabns
775 1991 889 2050 Geticis
924 2011 949 2049 c.
979 1993 1036 2049 24:
1080 1991 1156 2050 Nam
1188 1995 1219 2050 at
1253 2007 1330 2066 quea
1363 1991 1446 2049 ballo

208 2095 338 2170 forsitan
359 2093 480 2152 minima
503 2095 700 2169 superabant,
723 2097 824 2154 uultus
848 2097 895 2153 sui
915 2099 1033 2153 terrere
1046 2097 1170 2154 nimium
1192 2110 1336 2168 pavorem
1357 2097 1443 2170 inge·

206 2203 314 2257 rantes
335 2197 532 2256 terribilitate
544 2199 699 2276 fugabant,
722 2217 759 2258 en
783 2199 866 2276 qnod
888 2203 954 2258 arat
976 2201 1020 2256 eis
1045 2201 1165 2274 species
1187 2198 1327 2274 paranda
1348 2200 1448 2274 nigre·

211 2303 291 2372 dine,
314 2301 370 2360 aad
391 2302 476 2360 velut
500 2304 638 2379 quandam
660 2296 702 2376 (si
725 2303 785 2362 dici
807 2305 856 2361 ias
878 2295 939 2374 eat)
974 2301 1118 2361 deformis
1152 2301 1220 2374 elia,
1253 2321 1313 2360 non
1342 2303 1449 2374 iacias,

210 2407 388 2482 habensque
411 2407 507 2481 magis
530 2411 644 2483 puncta
666 2423 756 2482 quam
777 2407 899 2464 lumina.
946 2405 1080 2476 Quorum
1103 2407 1194 2464 animi
1216 2405 1358 2464 fiduciam
1386 2410 1449 2464 tor·

211 2531 267 2570 vus
296 2510 404 2587 prodit
432 2513 586 2586 aspectus,
610 2511 662 2585 qui
684 2511 775 2578 etiarn
797 2512 828 2569 in
850 2511 982 2586 pignera
1004 2527 1060 2568 sna
1089 2511 1187 2585 primo
1218 2508 1269 2568 dia
1296 2513 1369 2568 nata
1399 2509 1450 2568 de·

212 2616 351 2675 uariunt
395 2611 471 2672 Nam
502 2614 636 2673 maribus
668 2614 749 2672 farre
783 2631 876 2690 ganan
900 2617 1015 2685 sanant,
1043 2618 1079 2672 ut
1100 2617 1261 2689 antequem
1283 2613 1372 2671 lactis
1395 2631 1451 2670 nn·

212 2721 357 2779 trimanta
378 2718 560 2795 percipiant,
582 2717 717 2776 vulneris
741 2721 888 2792 cogantur
909 2718 1013 2776 subire
1034 2717 1237 2776 tolerantiam.

299 2827 327 2884 a.
370 2821 544 2882 Alexander
565 2811 705 2897 magnus]
730 2821 846 2898 Sagnet
867 2839 925 2893 orn,
949 2824 981 2878 at
995 2819 1169 2880 Alexander
1192 2821 1251 2878 den
1281 2824 1364 2878 utere
1393 2817 1452 2876 vad

214 2945 252 2986 an
271 2927 466 2986 Graensemnr
486 2925 585 2983 barda
607 2925 769 3002 aispmrrat
788 2925 914 3001 Europa
934 2925 982 2982 ira
1004 2924 1043 2982 de
1066 2924 1178 3000 catliga
1190 2923 1278 2995 sola,
1301 2943 1336 2981 ar
1356 2941 1451 2999 yngra

216 3031 276 3090 end
297 3030 457 3100 Jordanis3
487 3031 499 3088 i
526 3028 586 3087 den
609 3028 727 3106 graeslre
752 3028 1032 3088 Alexanderroman
1061 3029 1109 3086 ira
1141 3049 1166 3086 c.
1190 3029 1250 3087 tou
1283 3026 1455 3086 udalnklrar

215 3137 274 3194 bau
299 3133 388 3210 „sing
403 3129 583 3208 ogmngog“
606 3134 665 3192 ved
688 3133 747 3192 deu
769 3132 915 3208 kaspiske
935 3132 1005 3192 Mur
1025 3129 1360 3206 (Pascbal,I·lrdlrunde
1374 3123 1453 3204 85¹),

217 3239 340 3297 Hraban
349 3235 475 3296 Maurus
486 3235 634 3295 fortaeller
645 3235 782 3295 darimod
795 3236 849 3294 det
860 3253 972 3294 ramme
986 3253 1034 3294 orn
1053 3227 1297 3307 flunerne(1le
1310 3235 1454 3292 universo
1528 3217 1530 3224 ¹

216 3341 284 3401 XVI
305 3362 331 3400 c.
348 3343 377 3412 2,
397 3339 444 3398 ed.
463 3337 566 3416 Migne
584 3359 613 3416 p.
630 3335 723 3411 439):
747 3338 849 3414 Uguos
871 3343 961 3397 antea
978 3339 1085 3398 Hunos
1104 3343 1239 3410 vocatos,
1261 3343 1417 3414 postremo
1438 3355 1456 3396 a

218 3465 290 3523 rege
312 3463 370 3504 suo
391 3445 507 3502 Avares
535 3443 707 3520 appellatos
732 3443 846 3513 dicunt,
875 3445 927 3518 qui
949 3444 1036 3518 pride
1058 3444 1090 3500 in
1118 3441 1225 3500 ultima
1245 3441 1390 3500 Moeotide
1414 3469 1456 3480 -··

219 3578 260 3589 -
281 3549 504 3620 habitaverunt,
529 3547 639 3606 deiude
662 3545 837 3624 pernicibus
857 3547 944 3622 equis
967 3545 1095 3604 Caucasi
1124 3545 1265 3621 rupibus,
1299 3545 1352 3604 ubi
1374 3545 1456 3603 ieras

220 3657 327 3732 gentas
349 3651 515 3712 Alexandri
538 3649 672 3710 claustra
701 3649 854 3720 cohibent,
881 3653 1047 3724 eruperant
1074 3653 1106 3707 et
1133 3651 1281 3708 orientem
1303 3666 1347 3706 xx
1368 3649 1456 3708 anuis

218 3761 386 3817 tenuerunt
404 3755 565 3832 captivum.

306 3865 335 3918 7.
379 3859 536 3935 cujusdam
561 3847 671 3934 cerum]
695 3857 750 3916 cir.
774 3857 811 3914 de
833 3855 897 3916 reb.
916 3855 982 3916 Get.
1007 3874 1032 3914 c.
1054 3855 1107 3912 ld:
1130 3855 1228 3930 Hujus
1252 3875 1324 3930 argo
1348 3847 1456 3932 [natio-

221 3957 284 4042 nis]
307 3969 342 4023 nt
364 3963 500 4024 assolent
519 3967 681 4022 venatores
706 3960 775 4020 dum
797 3961 829 4018 in
851 3959 990 4019 ulteriori
1012 3958 1167 4021 Meetidis
1189 3960 1257 4033 ripa
1278 3961 1457 4018 uenationes

222 4071 389 4146 inquirunt,
413 4065 666 4136 animadvertunt,
691 4062 843 4140 quomodo
867 4081 904 4119 ex
926 4062 1096 4138 improvisu
1118 4081 1207 4120 cerva
1229 4080 1262 4120 sa
1285 4062 1346 4120 illia
1370 4063 1459 4122 obtu-

221 4175 269 4242 lit,
287 4191 367 4232 nnnc
389 4169 601 4248 progrediens,
624 4187 704 4225 nnnc
723 4165 896 4225 subsistens
915 4165 1047 4224 indicam
1066 4185 1103 4242 ‚se
1126 4166 1182 4223 vice
1205 4165 1345 4241 praebuit,
1369 4183 1459 4241 quarn

224 4277 323 4340 secuti
350 4279 513 4334 venatores
545 4271 689 4350 paludem
716 4269 900 4340 identidem,
935 4287 1023 4345 quam
1056 4269 1232 4346 imperviam
1265 4271 1300 4325 ut
1331 4268 1459 4346 pelagus

225 4377 450 4450 existimabant,
474 4373 606 4453 pedibus
629 4375 791 4435 transiere.
1060 4369 1062 4374 '

272 4457 276 4464 ¹
315 4487 360 4542 ll.
404 4467 571 4554 Nicasinm]
595 4478 648 4536 cfr.
673 4475 817 4554 sigiberti
841 4475 1004 4535 chronicon
1026 4495 1053 4540 a.
1076 4477 1151 4534 453:
1201 4473 1372 4550 Nycbasiua
1404 4475 1462 4536 Re·
1546 4536 1551 4550 .

227 4588 339 4648 mansis
362 4587 530 4659 episcopus
554 4601 620 4640 curn
642 4579 794 4658 Eutropia
816 4599 920 4638 sorore
945 4579 981 4638 ab
1004 4579 1101 4640 Hunis
1123 4580 1365 4652 martyriuentur.

1243 4635 1518 4748 sp1'
