<?xml version="1.0" encoding="UTF-8"?>
<!DOCTYPE html PUBLIC "-//W3C//DTD XHTML 1.0 Transitional//EN"
    "http://www.w3.org/TR/xhtml1/DTD/xhtml1-transitional.dtd">
<html xmlns="http://www.w3.org/1999/xhtml" xml:lang="en" lang="en">
 <head>
  <title>
</title>
<meta http-equiv="Content-Type" content="text/html;charset=utf-8" />
  <meta name='ocr-system' content='tesseract 3.04.00' />
  <meta name='ocr-capabilities' content='ocr_page ocr_carea ocr_par ocr_line ocrx_word'/>
</head>
<body>
  <div class='ocr_page' id='page_1' title='image "./monumentahistor01storgoog/monumentahistor01storgoog_0356.png"; bbox 0 0 3640 5342; ppageno 0'>
   <div class='ocr_carea' id='block_1_1' title="bbox 377 363 439 440">
    <p class='ocr_par' dir='ltr' id='par_1_1' title="bbox 377 363 439 440">
     <span class='ocr_line' id='line_1_1' title="bbox 377 363 439 440; baseline -0.032 0"><span class='ocrx_word' id='word_1_1' title='bbox 377 363 439 440; x_wconf 67' lang='lat' dir='ltr'><strong>tid</strong></span> 
     </span>
    </p>
   </div>
   <div class='ocr_carea' id='block_1_2' title="bbox 374 539 1690 1588">
    <p class='ocr_par' dir='ltr' id='par_1_2' title="bbox 374 539 1690 1588">
     <span class='ocr_line' id='line_1_2' title="bbox 377 539 1620 634; baseline 0.002 -11"><span class='ocrx_word' id='word_1_2' title='bbox 377 557 519 623; x_wconf 89' lang='lat' dir='ltr'><strong>omnium</strong></span> <span class='ocrx_word' id='word_1_3' title='bbox 542 553 706 621; x_wconf 90' lang='lat' dir='ltr'><strong>hominum</strong></span> <span class='ocrx_word' id='word_1_4' title='bbox 736 539 893 634; x_wconf 86' lang='lat' dir='ltr'><strong>uolgabat</strong></span> <span class='ocrx_word' id='word_1_5' title='bbox 921 543 1074 619; x_wconf 83' lang='lat' dir='ltr'><strong>assertio.</strong></span> <span class='ocrx_word' id='word_1_6' title='bbox 1128 542 1303 621; x_wconf 76' lang='lat' dir='ltr'><strong>Rumonem</strong></span> <span class='ocrx_word' id='word_1_7' title='bbox 1323 541 1464 624; x_wconf 79' lang='lat' dir='ltr'><strong>fisticum</strong></span> <span class='ocrx_word' id='word_1_8' title='bbox 1486 562 1520 625; x_wconf 90' lang='lat' dir='ltr'><strong>et</strong></span> <span class='ocrx_word' id='word_1_9' title='bbox 1540 548 1620 627; x_wconf 81' lang='lat' dir='ltr'><strong>ridi·</strong></span> 
     </span>
     <span class='ocr_line' id='line_1_3' title="bbox 376 653 1622 745; baseline 0.002 -17"><span class='ocrx_word' id='word_1_10' title='bbox 376 662 481 728; x_wconf 88' lang='lat' dir='ltr'><strong>culum</strong></span> <span class='ocrx_word' id='word_1_11' title='bbox 506 659 690 727; x_wconf 82' lang='lat' dir='ltr'><strong>estimabat.</strong></span> <span class='ocrx_word' id='word_1_12' title='bbox 736 655 880 738; x_wconf 81' lang='lat' dir='ltr'><strong>Contigit</strong></span> <span class='ocrx_word' id='word_1_13' title='bbox 907 663 1017 724; x_wconf 88' lang='lat' dir='ltr'><strong>autem</strong></span> <span class='ocrx_word' id='word_1_14' title='bbox 1038 653 1087 724; x_wconf 77' lang='lat' dir='ltr'><strong>&#39;ut</strong></span> <span class='ocrx_word' id='word_1_15' title='bbox 1113 659 1279 740; x_wconf 79' lang='lat' dir='ltr'><strong>passionis</strong></span> <span class='ocrx_word' id='word_1_16' title='bbox 1308 660 1454 728; x_wconf 88' lang='lat' dir='ltr'><strong>eiusdem</strong></span> <span class='ocrx_word' id='word_1_17' title='bbox 1477 665 1565 745; x_wconf 88' lang='lat' dir='ltr'><strong>regis</strong></span> <span class='ocrx_word' id='word_1_18' title='bbox 1587 671 1622 732; x_wconf 88' lang='lat' dir='ltr'><strong>et</strong></span> 
     </span>
     <span class='ocr_line' id='line_1_4' title="bbox 376 761 1621 852; baseline 0.004 -20"><span class='ocrx_word' id='word_1_19' title='bbox 376 765 518 833; x_wconf 86' lang='lat' dir='ltr'><strong>martiris</strong></span> <span class='ocrx_word' id='word_1_20' title='bbox 540 781 647 831; x_wconf 87' lang='lat' dir='ltr'><strong>annua</strong></span> <span class='ocrx_word' id='word_1_21' title='bbox 669 761 894 829; x_wconf 88' lang='lat' dir='ltr'><strong>reuolueretur</strong></span> <span class='ocrx_word' id='word_1_22' title='bbox 915 762 1150 845; x_wconf 87' lang='lat' dir='ltr'><strong>sollempnitas.</strong></span> <span class='ocrx_word' id='word_1_23' title='bbox 1172 764 1225 829; x_wconf 92' lang='lat' dir='ltr'><strong>uir</strong></span> <span class='ocrx_word' id='word_1_24' title='bbox 1245 765 1409 847; x_wconf 87' lang='lat' dir='ltr'><strong>pessimus</strong></span> <span class='ocrx_word' id='word_1_25' title='bbox 1430 769 1492 835; x_wconf 89' lang='lat' dir='ltr'><strong>iste</strong></span> <span class='ocrx_word' id='word_1_26' title='bbox 1510 773 1621 852; x_wconf 91' lang='lat' dir='ltr'><strong>praui·</strong></span> 
     </span>
     <span class='ocr_line' id='line_1_5' title="bbox 375 867 1620 952; baseline 0.006 -18"><span class='ocrx_word' id='word_1_27' title='bbox 375 876 445 936; x_wconf 89' lang='lat' dir='ltr'><strong>tate</strong></span> <span class='ocrx_word' id='word_1_28' title='bbox 468 889 564 952; x_wconf 88' lang='lat' dir='ltr'><strong>quam</strong></span> <span class='ocrx_word' id='word_1_29' title='bbox 588 867 686 935; x_wconf 89' lang='lat' dir='ltr'><strong>corde</strong></span> <span class='ocrx_word' id='word_1_30' title='bbox 709 872 918 933; x_wconf 87' lang='lat' dir='ltr'><strong>tractauerat.</strong></span> <span class='ocrx_word' id='word_1_31' title='bbox 943 867 1098 949; x_wconf 90' lang='lat' dir='ltr'><strong>inopere</strong></span> <span class='ocrx_word' id='word_1_32' title='bbox 1122 867 1370 938; x_wconf 89' lang='lat' dir='ltr'><strong>demonstrauit.</strong></span> <span class='ocrx_word' id='word_1_33' title='bbox 1421 871 1493 939; x_wconf 90' lang='lat' dir='ltr'><strong>Non</strong></span> <span class='ocrx_word' id='word_1_34' title='bbox 1517 874 1620 942; x_wconf 90' lang='lat' dir='ltr'><strong>solum</strong></span> 
     </span>
     <span class='ocr_line' id='line_1_6' title="bbox 376 972 1672 1055; baseline 0.005 -14"><span class='ocrx_word' id='word_1_35' title='bbox 376 977 461 1041; x_wconf 90' lang='lat' dir='ltr'><strong>enim</strong></span> <span class='ocrx_word' id='word_1_36' title='bbox 483 981 520 1040; x_wconf 90' lang='lat' dir='ltr'><strong>ut</strong></span> <span class='ocrx_word' id='word_1_37' title='bbox 542 973 643 1040; x_wconf 89' lang='lat' dir='ltr'><strong>ceteri</strong></span> <span class='ocrx_word' id='word_1_38' title='bbox 670 973 819 1038; x_wconf 88' lang='lat' dir='ltr'><strong>homines</strong></span> <span class='ocrx_word' id='word_1_39' title='bbox 851 972 940 1038; x_wconf 90' lang='lat' dir='ltr'><strong>illius</strong></span> <span class='ocrx_word' id='word_1_40' title='bbox 971 973 1115 1055; x_wconf 80' lang='lat' dir='ltr'><strong>regionis</strong></span> <span class='ocrx_word' id='word_1_41' title='bbox 1144 973 1265 1040; x_wconf 87' lang='lat' dir='ltr'><strong>nullam</strong></span> <span class='ocrx_word' id='word_1_42' title='bbox 1296 977 1439 1043; x_wconf 89' lang='lat' dir='ltr'><strong>martiris</strong></span> <span class='ocrx_word' id='word_1_43' title='bbox 1464 981 1618 1048; x_wconf 90' lang='lat' dir='ltr'><strong>natalicio</strong></span> <span class='ocrx_word' id='word_1_44' title='bbox 1656 991 1672 1033; x_wconf 70' lang='lat' dir='ltr'><strong>t</strong></span> 
     </span>
     <span class='ocr_line' id='line_1_7' title="bbox 377 1077 1619 1163; baseline 0.004 -16"><span class='ocrx_word' id='word_1_45' title='bbox 377 1080 478 1147; x_wconf 80' lang='lat' dir='ltr'><strong>exibit</strong></span> <span class='ocrx_word' id='word_1_46' title='bbox 499 1079 733 1156; x_wconf 82' lang='lat' dir='ltr'><strong>reuerentiam3</strong></span> <span class='ocrx_word' id='word_1_47' title='bbox 763 1077 821 1142; x_wconf 90' lang='lat' dir='ltr'><strong>sed</strong></span> <span class='ocrx_word' id='word_1_48' title='bbox 845 1077 886 1142; x_wconf 90' lang='lat' dir='ltr'><strong>ad</strong></span> <span class='ocrx_word' id='word_1_49' title='bbox 909 1082 1129 1160; x_wconf 91' lang='lat' dir='ltr'><strong>contemptum</strong></span> <span class='ocrx_word' id='word_1_50' title='bbox 1160 1078 1232 1146; x_wconf 87' lang='lat' dir='ltr'><strong>cius</strong></span> <span class='ocrx_word' id='word_1_51' title='bbox 1253 1099 1356 1163; x_wconf 88' lang='lat' dir='ltr'><strong>panes</strong></span> <span class='ocrx_word' id='word_1_52' title='bbox 1380 1082 1478 1148; x_wconf 86' lang='lat' dir='ltr'><strong>iussit</strong></span> <span class='ocrx_word' id='word_1_53' title='bbox 1500 1084 1619 1152; x_wconf 85' lang='lat' dir='ltr'><strong>deferri</strong></span> 
     </span>
     <span class='ocr_line' id='line_1_8' title="bbox 377 1182 1619 1267; baseline 0.004 -16"><span class='ocrx_word' id='word_1_54' title='bbox 377 1187 417 1251; x_wconf 87' lang='lat' dir='ltr'><strong>od</strong></span> <span class='ocrx_word' id='word_1_55' title='bbox 441 1182 681 1267; x_wconf 89' lang='lat' dir='ltr'><strong>quoquendum.</strong></span> <span class='ocrx_word' id='word_1_56' title='bbox 727 1182 755 1247; x_wconf 93' lang='lat'>0</span> <span class='ocrx_word' id='word_1_57' title='bbox 785 1200 863 1248; x_wconf 87' lang='lat' dir='ltr'><strong>rens</strong></span> <span class='ocrx_word' id='word_1_58' title='bbox 891 1187 926 1249; x_wconf 90' lang='lat' dir='ltr'><strong>et</strong></span> <span class='ocrx_word' id='word_1_59' title='bbox 954 1187 1030 1249; x_wconf 89' lang='lat' dir='ltr'><strong>ante</strong></span> <span class='ocrx_word' id='word_1_60' title='bbox 1061 1188 1190 1266; x_wconf 89' lang='lat' dir='ltr'><strong>tempus</strong></span> <span class='ocrx_word' id='word_1_61' title='bbox 1214 1184 1295 1250; x_wconf 93' lang='lat' dir='ltr'><strong>illud</strong></span> <span class='ocrx_word' id='word_1_62' title='bbox 1317 1186 1498 1254; x_wconf 88' lang='lat' dir='ltr'><strong>inauditum</strong></span> <span class='ocrx_word' id='word_1_63' title='bbox 1521 1191 1619 1256; x_wconf 87' lang='lat' dir='ltr'><strong>mira-</strong></span> 
     </span>
     <span class='ocr_line' id='line_1_9' title="bbox 376 1288 1621 1375; baseline 0.003 -19"><span class='ocrx_word' id='word_1_64' title='bbox 376 1290 491 1356; x_wconf 90' lang='lat' dir='ltr'><strong>culum.</strong></span> <span class='ocrx_word' id='word_1_65' title='bbox 523 1306 587 1353; x_wconf 92' lang='lat' dir='ltr'><strong>uno</strong></span> <span class='ocrx_word' id='word_1_66' title='bbox 616 1288 798 1371; x_wconf 86' lang='lat' dir='ltr'><strong>eodemque</strong></span> <span class='ocrx_word' id='word_1_67' title='bbox 829 1294 991 1355; x_wconf 88' lang='lat' dir='ltr'><strong>momento</strong></span> <span class='ocrx_word' id='word_1_68' title='bbox 1015 1294 1048 1354; x_wconf 88' lang='lat' dir='ltr'><strong>ct</strong></span> <span class='ocrx_word' id='word_1_69' title='bbox 1075 1288 1175 1355; x_wconf 90' lang='lat' dir='ltr'><strong>homo</strong></span> <span class='ocrx_word' id='word_1_70' title='bbox 1202 1290 1417 1371; x_wconf 88' lang='lat' dir='ltr'><strong>nequissimus</strong></span> <span class='ocrx_word' id='word_1_71' title='bbox 1439 1295 1621 1375; x_wconf 91' lang='lat' dir='ltr'><strong>percutitur</strong></span> 
     </span>
     <span class='ocr_line' id='line_1_10' title="bbox 376 1391 1619 1482; baseline 0.005 -23"><span class='ocrx_word' id='word_1_72' title='bbox 376 1395 532 1474; x_wconf 87' lang='lat' dir='ltr'><strong>cecitate;</strong></span> <span class='ocrx_word' id='word_1_73' title='bbox 556 1399 590 1460; x_wconf 89' lang='lat' dir='ltr'><strong>et</strong></span> <span class='ocrx_word' id='word_1_74' title='bbox 611 1411 713 1475; x_wconf 86' lang='lat' dir='ltr'><strong>panes</strong></span> <span class='ocrx_word' id='word_1_75' title='bbox 730 1394 763 1459; x_wconf 92' lang='lat' dir='ltr'><strong>iu</strong></span> <span class='ocrx_word' id='word_1_76' title='bbox 783 1391 911 1459; x_wconf 87' lang='lat' dir='ltr'><strong>clibano</strong></span> <span class='ocrx_word' id='word_1_77' title='bbox 932 1392 1034 1474; x_wconf 89' lang='lat' dir='ltr'><strong>positi</strong></span> <span class='ocrx_word' id='word_1_78' title='bbox 1051 1397 1289 1460; x_wconf 87' lang='lat' dir='ltr'><strong>conuertuntur</strong></span> <span class='ocrx_word' id='word_1_79' title='bbox 1305 1393 1338 1460; x_wconf 91' lang='lat' dir='ltr'><strong>iu</strong></span> <span class='ocrx_word' id='word_1_80' title='bbox 1356 1395 1492 1478; x_wconf 84' lang='lat' dir='ltr'><strong>lapides.</strong></span> <span class='ocrx_word' id='word_1_81' title='bbox 1519 1399 1619 1482; x_wconf 83' lang='lat' dir='ltr'><strong>Equi·</strong></span> 
     </span>
     <span class='ocr_line' id='line_1_11' title="bbox 374 1497 1690 1588; baseline 0.003 -24"><span class='ocrx_word' id='word_1_82' title='bbox 374 1501 435 1565; x_wconf 91' lang='lat' dir='ltr'><strong>bus</strong></span> <span class='ocrx_word' id='word_1_83' title='bbox 457 1517 540 1564; x_wconf 90' lang='lat' dir='ltr'><strong>unus</strong></span> <span class='ocrx_word' id='word_1_84' title='bbox 562 1498 594 1564; x_wconf 90' lang='lat' dir='ltr'><strong>io</strong></span> <span class='ocrx_word' id='word_1_85' title='bbox 618 1497 763 1564; x_wconf 77' lang='lat' dir='ltr'><strong>miraculi</strong></span> <span class='ocrx_word' id='word_1_86' title='bbox 788 1497 1010 1564; x_wconf 86' lang='lat' dir='ltr'><strong>testimonium</strong></span> <span class='ocrx_word' id='word_1_87' title='bbox 1034 1497 1066 1564; x_wconf 89' lang='lat' dir='ltr'><strong>in</strong></span> <span class='ocrx_word' id='word_1_88' title='bbox 1088 1497 1227 1564; x_wconf 87' lang='lat' dir='ltr'><strong>basilica</strong></span> <span class='ocrx_word' id='word_1_89' title='bbox 1249 1500 1392 1566; x_wconf 90' lang='lat' dir='ltr'><strong>martiris</strong></span> <span class='ocrx_word' id='word_1_90' title='bbox 1417 1520 1453 1567; x_wconf 90' lang='lat' dir='ltr'><strong>re</strong></span> <span class='ocrx_word' id='word_1_91' title='bbox 1481 1553 1488 1568; x_wconf 92' lang='lat'><strong>.</strong></span> <span class='ocrx_word' id='word_1_92' title='bbox 1516 1556 1523 1569; x_wconf 92' lang='lat'>.</span> <span class='ocrx_word' id='word_1_93' title='bbox 1547 1556 1555 1570; x_wconf 90' lang='lat'><strong>.</strong></span> <span class='ocrx_word' id='word_1_94' title='bbox 1579 1555 1586 1570; x_wconf 90' lang='lat'><strong>.</strong></span> <span class='ocrx_word' id='word_1_95' title='bbox 1610 1555 1617 1570; x_wconf 91' lang='lat'><strong>.</strong></span> <span class='ocrx_word' id='word_1_96' title='bbox 1658 1545 1690 1588; x_wconf 71' lang='lat'><strong>,0</strong></span> 
     </span>
    </p>
   </div>
   <div class='ocr_carea' id='block_1_3' title="bbox 774 1613 1218 1698">
    <p class='ocr_par' dir='ltr' id='par_1_3' title="bbox 774 1613 1218 1698">
     <span class='ocr_line' id='line_1_12' title="bbox 774 1613 1218 1698; baseline 0.002 -19"><span class='ocrx_word' id='word_1_97' title='bbox 774 1613 914 1698; x_wconf 88' lang='lat' dir='ltr'><strong>[Lacone</strong></span> <span class='ocrx_word' id='word_1_98' title='bbox 935 1631 1000 1696; x_wconf 84' lang='lat' dir='ltr'><strong>pao</strong></span> <span class='ocrx_word' id='word_1_99' title='bbox 1024 1619 1062 1680; x_wconf 76' lang='lat'><strong>12</strong></span> <span class='ocrx_word' id='word_1_100' title='bbox 1084 1613 1218 1697; x_wconf 70' lang='lat' dir='ltr'><strong>Libica]</strong></span> 
     </span>
    </p>
   </div>
   <div class='ocr_carea' id='block_1_4' title="bbox 799 1781 1191 1864">
    <p class='ocr_par' dir='ltr' id='par_1_4' title="bbox 799 1781 1191 1864">
     <span class='ocr_line' id='line_1_13' title="bbox 799 1781 1191 1864; baseline 0 -17"><span class='ocrx_word' id='word_1_101' title='bbox 799 1782 879 1849; x_wconf 79' lang='lat' dir='ltr'><strong>2det</strong></span> <span class='ocrx_word' id='word_1_102' title='bbox 900 1781 992 1864; x_wconf 89' lang='lat' dir='ltr'><strong>Blad,</strong></span> <span class='ocrx_word' id='word_1_103' title='bbox 1015 1782 1191 1849; x_wconf 85' lang='lat' dir='ltr'><strong>Forsiden.</strong></span> 
     </span>
    </p>
   </div>
   <div class='ocr_carea' id='block_1_5' title="bbox 371 1931 1687 4196">
    <p class='ocr_par' dir='ltr' id='par_1_5' title="bbox 374 1931 1687 2331">
     <span class='ocr_line' id='line_1_14' title="bbox 377 1931 1619 2020; baseline 0.006 -22"><span class='ocrx_word' id='word_1_104' title='bbox 377 1970 412 1981; x_wconf 92' lang='lat'>-</span> <span class='ocrx_word' id='word_1_105' title='bbox 438 1970 478 1982; x_wconf 93' lang='lat'><em>-</em></span> <span class='ocrx_word' id='word_1_106' title='bbox 500 1931 586 2000; x_wconf 85' lang='lat' dir='ltr'><strong>forte</strong></span> <span class='ocrx_word' id='word_1_107' title='bbox 603 1933 734 2016; x_wconf 88' lang='lat' dir='ltr'><strong>clapsus</strong></span> <span class='ocrx_word' id='word_1_108' title='bbox 755 1939 815 1999; x_wconf 87' lang='lat' dir='ltr'><strong>est.</strong></span> <span class='ocrx_word' id='word_1_109' title='bbox 840 1933 903 1999; x_wconf 86' lang='lat' dir='ltr'><strong>Hic</strong></span> <span class='ocrx_word' id='word_1_110' title='bbox 925 1933 965 1998; x_wconf 89' lang='lat' dir='ltr'><strong>ad</strong></span> <span class='ocrx_word' id='word_1_111' title='bbox 990 1935 1178 2000; x_wconf 81' lang='lat' dir='ltr'><strong>memoriam</strong></span> <span class='ocrx_word' id='word_1_112' title='bbox 1198 1934 1339 2002; x_wconf 89' lang='lat' dir='ltr'><strong>martiris</strong></span> <span class='ocrx_word' id='word_1_113' title='bbox 1357 1939 1560 2020; x_wconf 86' lang='lat' dir='ltr'><strong>uenieos;et</strong></span> <span class='ocrx_word' id='word_1_114' title='bbox 1582 1946 1619 2006; x_wconf 93' lang='lat' dir='ltr'><strong>ut</strong></span> 
     </span>
     <span class='ocr_line' id='line_1_15' title="bbox 374 2038 1616 2120; baseline 0.005 -16"><span class='ocrx_word' id='word_1_115' title='bbox 374 2041 484 2119; x_wconf 86' lang='lat' dir='ltr'><strong>lingue</strong></span> <span class='ocrx_word' id='word_1_116' title='bbox 514 2056 573 2104; x_wconf 89' lang='lat' dir='ltr'><strong>sue</strong></span> <span class='ocrx_word' id='word_1_117' title='bbox 601 2039 739 2120; x_wconf 88' lang='lat' dir='ltr'><strong>pristina</strong></span> <span class='ocrx_word' id='word_1_118' title='bbox 766 2038 960 2106; x_wconf 85' lang='lat' dir='ltr'><strong>redderetur</strong></span> <span class='ocrx_word' id='word_1_119' title='bbox 987 2041 1111 2104; x_wconf 88' lang='lat' dir='ltr'><strong>sanitas</strong></span> <span class='ocrx_word' id='word_1_120' title='bbox 1136 2057 1207 2104; x_wconf 91' lang='lat' dir='ltr'><strong>cum</strong></span> <span class='ocrx_word' id='word_1_121' title='bbox 1231 2039 1345 2106; x_wconf 90' lang='lat' dir='ltr'><strong>intima</strong></span> <span class='ocrx_word' id='word_1_122' title='bbox 1368 2041 1475 2108; x_wconf 91' lang='lat' dir='ltr'><strong>cordis</strong></span> <span class='ocrx_word' id='word_1_123' title='bbox 1499 2047 1616 2111; x_wconf 90' lang='lat' dir='ltr'><strong>contri-</strong></span> 
     </span>
     <span class='ocr_line' id='line_1_16' title="bbox 374 2141 1687 2230; baseline 0.002 -19"><span class='ocrx_word' id='word_1_124' title='bbox 374 2145 468 2211; x_wconf 87' lang='lat' dir='ltr'><strong>cione</strong></span> <span class='ocrx_word' id='word_1_125' title='bbox 495 2144 676 2226; x_wconf 87' lang='lat' dir='ltr'><strong>postulans.</strong></span> <span class='ocrx_word' id='word_1_126' title='bbox 700 2161 793 2209; x_wconf 88' lang='lat' dir='ltr'><strong>usum</strong></span> <span class='ocrx_word' id='word_1_127' title='bbox 821 2141 976 2224; x_wconf 88' lang='lat' dir='ltr'><strong>loquendi</strong></span> <span class='ocrx_word' id='word_1_128' title='bbox 998 2160 1094 2225; x_wconf 91' lang='lat' dir='ltr'><strong>quam</strong></span> <span class='ocrx_word' id='word_1_129' title='bbox 1118 2143 1272 2209; x_wconf 79' lang='lat' dir='ltr'><strong>arriserat</strong></span> <span class='ocrx_word' id='word_1_130' title='bbox 1293 2149 1435 2228; x_wconf 83' lang='lat' dir='ltr'><strong>recepit3</strong></span> <span class='ocrx_word' id='word_1_131' title='bbox 1458 2166 1560 2230; x_wconf 87' lang='lat' dir='ltr'><strong>seque</strong></span> <span class='ocrx_word' id='word_1_132' title='bbox 1583 2152 1615 2216; x_wconf 93' lang='lat' dir='ltr'><strong>in</strong></span> <span class='ocrx_word' id='word_1_133' title='bbox 1654 2181 1687 2224; x_wconf 60' lang='grc' dir='ltr'><strong>η</strong></span> 
     </span>
     <span class='ocr_line' id='line_1_17' title="bbox 374 2246 1248 2331; baseline -0.001 -16"><span class='ocrx_word' id='word_1_134' title='bbox 374 2248 488 2315; x_wconf 85' lang='lat' dir='ltr'><strong>&#39;eadem</strong></span> <span class='ocrx_word' id='word_1_135' title='bbox 513 2247 654 2316; x_wconf 87' lang='lat' dir='ltr'><strong>ecclesia</strong></span> <span class='ocrx_word' id='word_1_136' title='bbox 675 2246 832 2330; x_wconf 84' lang='lat' dir='ltr'><strong>perhenni</strong></span> <span class='ocrx_word' id='word_1_137' title='bbox 856 2247 1022 2329; x_wconf 84' lang='lat' dir='ltr'><strong>obsequio</strong></span> <span class='ocrx_word' id='word_1_138' title='bbox 1040 2249 1248 2331; x_wconf 88' lang='lat' dir='ltr'><strong>mancipauit.</strong></span> 
     </span>
    </p>

    <p class='ocr_par' dir='ltr' id='par_1_6' title="bbox 371 2351 1685 4196">
     <span class='ocr_line' id='line_1_18' title="bbox 459 2351 1615 2434; baseline 0.006 -18"><span class='ocrx_word' id='word_1_139' title='bbox 459 2352 550 2420; x_wconf 83' lang='lat' dir='ltr'><strong>lectio</strong></span> <span class='ocrx_word' id='word_1_140' title='bbox 569 2371 665 2419; x_wconf 80' lang='lat' dir='ltr'><strong>noco.</strong></span> <span class='ocrx_word' id='word_1_141' title='bbox 716 2352 835 2417; x_wconf 86' lang='lat' dir='ltr'><strong>Mulier</strong></span> <span class='ocrx_word' id='word_1_142' title='bbox 868 2352 1006 2434; x_wconf 88' lang='lat' dir='ltr'><strong>quedam</strong></span> <span class='ocrx_word' id='word_1_143' title='bbox 1040 2351 1123 2418; x_wconf 87' lang='lat' dir='ltr'><strong>adeo</strong></span> <span class='ocrx_word' id='word_1_144' title='bbox 1158 2351 1349 2421; x_wconf 87' lang='lat' dir='ltr'><strong>deformiter</strong></span> <span class='ocrx_word' id='word_1_145' title='bbox 1370 2360 1549 2422; x_wconf 87' lang='lat' dir='ltr'><strong>contracta.</strong></span> <span class='ocrx_word' id='word_1_146' title='bbox 1579 2362 1615 2423; x_wconf 92' lang='lat' dir='ltr'><strong>ut</strong></span> 
     </span>
     <span class='ocr_line' id='line_1_19' title="bbox 372 2455 1614 2541; baseline 0.002 -17"><span class='ocrx_word' id='word_1_147' title='bbox 372 2459 475 2541; x_wconf 86' lang='lat' dir='ltr'><strong>pedes</strong></span> <span class='ocrx_word' id='word_1_148' title='bbox 499 2458 570 2524; x_wconf 88' lang='lat' dir='ltr'><strong>eius</strong></span> <span class='ocrx_word' id='word_1_149' title='bbox 606 2457 756 2524; x_wconf 87' lang='lat' dir='ltr'><strong>clunibus</strong></span> <span class='ocrx_word' id='word_1_150' title='bbox 784 2457 976 2536; x_wconf 86' lang='lat' dir='ltr'><strong>aderereot;</strong></span> <span class='ocrx_word' id='word_1_151' title='bbox 999 2455 1039 2520; x_wconf 92' lang='lat' dir='ltr'><strong>ad</strong></span> <span class='ocrx_word' id='word_1_152' title='bbox 1061 2456 1244 2538; x_wconf 85' lang='lat' dir='ltr'><strong>sepulcrum</strong></span> <span class='ocrx_word' id='word_1_153' title='bbox 1267 2459 1410 2526; x_wconf 86' lang='lat' dir='ltr'><strong>martiris</strong></span> <span class='ocrx_word' id='word_1_154' title='bbox 1433 2459 1532 2526; x_wconf 88' lang='lat' dir='ltr'><strong>allata</strong></span> <span class='ocrx_word' id='word_1_155' title='bbox 1553 2467 1614 2529; x_wconf 87' lang='lat' dir='ltr'><strong>est.</strong></span> 
     </span>
     <span class='ocr_line' id='line_1_20' title="bbox 372 2561 1615 2648; baseline 0.003 -20"><span class='ocrx_word' id='word_1_156' title='bbox 372 2563 428 2629; x_wconf 93' lang='lat' dir='ltr'><strong>ubi</strong></span> <span class='ocrx_word' id='word_1_157' title='bbox 452 2582 524 2630; x_wconf 85' lang='lat' dir='ltr'><strong>cunr</strong></span> <span class='ocrx_word' id='word_1_158' title='bbox 553 2564 585 2628; x_wconf 93' lang='lat' dir='ltr'><strong>in</strong></span> <span class='ocrx_word' id='word_1_159' title='bbox 613 2561 757 2628; x_wconf 83' lang='lat' dir='ltr'><strong>lacrimis</strong></span> <span class='ocrx_word' id='word_1_160' title='bbox 779 2566 814 2628; x_wconf 87' lang='lat' dir='ltr'><strong>et</strong></span> <span class='ocrx_word' id='word_1_161' title='bbox 836 2561 1063 2628; x_wconf 88' lang='lat' dir='ltr'><strong>obsecratione</strong></span> <span class='ocrx_word' id='word_1_162' title='bbox 1085 2561 1204 2643; x_wconf 89' lang='lat' dir='ltr'><strong>iugiter</strong></span> <span class='ocrx_word' id='word_1_163' title='bbox 1225 2569 1476 2645; x_wconf 85' lang='lat' dir='ltr'><strong>perseuerasset</strong></span> <span class='ocrx_word' id='word_1_164' title='bbox 1497 2567 1615 2648; x_wconf 84' lang='lat' dir='ltr'><strong>integri</strong></span> 
     </span>
     <span class='ocr_line' id='line_1_21' title="bbox 373 2665 1685 2751; baseline 0.001 -17"><span class='ocrx_word' id='word_1_165' title='bbox 373 2669 526 2750; x_wconf 80' lang='lat' dir='ltr'><strong>sospitati</strong></span> <span class='ocrx_word' id='word_1_166' title='bbox 549 2665 656 2733; x_wconf 88' lang='lat' dir='ltr'><strong>redita</strong></span> <span class='ocrx_word' id='word_1_167' title='bbox 684 2685 722 2734; x_wconf 83' lang='lat' dir='ltr'><strong>en</strong></span> <span class='ocrx_word' id='word_1_168' title='bbox 750 2665 861 2748; x_wconf 87' lang='lat' dir='ltr'><strong>pansis</strong></span> <span class='ocrx_word' id='word_1_169' title='bbox 885 2665 1004 2746; x_wconf 87' lang='lat' dir='ltr'><strong>neruis,</strong></span> <span class='ocrx_word' id='word_1_170' title='bbox 1038 2667 1156 2732; x_wconf 85' lang='lat' dir='ltr'><strong>erectis</strong></span> <span class='ocrx_word' id='word_1_171' title='bbox 1180 2666 1289 2750; x_wconf 84' lang='lat' dir='ltr'><strong>tybiis.</strong></span> <span class='ocrx_word' id='word_1_172' title='bbox 1313 2668 1503 2734; x_wconf 82' lang='lat' dir='ltr'><strong>confortatis</strong></span> <span class='ocrx_word' id='word_1_173' title='bbox 1524 2670 1614 2751; x_wconf 87' lang='lat' dir='ltr'><strong>pedi-</strong></span> <span class='ocrx_word' id='word_1_174' title='bbox 1650 2689 1685 2736; x_wconf 82' lang='lat' dir='ltr'><strong>ao</strong></span> 
     </span>
     <span class='ocr_line' id='line_1_22' title="bbox 373 2768 1614 2854; baseline 0 -16"><span class='ocrx_word' id='word_1_175' title='bbox 373 2775 444 2838; x_wconf 90' lang='lat' dir='ltr'><strong>bus.</strong></span> <span class='ocrx_word' id='word_1_176' title='bbox 468 2769 603 2854; x_wconf 89' lang='lat' dir='ltr'><strong>singulis</strong></span> <span class='ocrx_word' id='word_1_177' title='bbox 626 2771 778 2836; x_wconf 90' lang='lat' dir='ltr'><strong>membris</strong></span> <span class='ocrx_word' id='word_1_178' title='bbox 801 2768 908 2836; x_wconf 87' lang='lat' dir='ltr'><strong>officio</strong></span> <span class='ocrx_word' id='word_1_179' title='bbox 929 2787 988 2836; x_wconf 89' lang='lat' dir='ltr'><strong>suo</strong></span> <span class='ocrx_word' id='word_1_180' title='bbox 1012 2777 1047 2838; x_wconf 87' lang='lat' dir='ltr'><strong>et</strong></span> <span class='ocrx_word' id='word_1_181' title='bbox 1067 2770 1171 2837; x_wconf 87' lang='lat' dir='ltr'><strong>forme</strong></span> <span class='ocrx_word' id='word_1_182' title='bbox 1192 2772 1318 2838; x_wconf 87' lang='lat' dir='ltr'><strong>reditis.</strong></span> <span class='ocrx_word' id='word_1_183' title='bbox 1350 2773 1464 2838; x_wconf 86' lang='lat' dir='ltr'><strong>hilaris</strong></span> <span class='ocrx_word' id='word_1_184' title='bbox 1484 2779 1518 2838; x_wconf 92' lang='lat' dir='ltr'><strong>et</strong></span> <span class='ocrx_word' id='word_1_185' title='bbox 1534 2791 1614 2854; x_wconf 88' lang='lat' dir='ltr'><strong>gau·</strong></span> 
     </span>
     <span class='ocr_line' id='line_1_23' title="bbox 375 2873 1614 2958; baseline 0.001 -15"><span class='ocrx_word' id='word_1_186' title='bbox 375 2878 455 2945; x_wconf 82' lang='lat' dir='ltr'><strong>dens</strong></span> <span class='ocrx_word' id='word_1_187' title='bbox 479 2876 521 2944; x_wconf 87' lang='lat' dir='ltr'><strong>ad</strong></span> <span class='ocrx_word' id='word_1_188' title='bbox 544 2877 677 2958; x_wconf 89' lang='lat' dir='ltr'><strong>propria</strong></span> <span class='ocrx_word' id='word_1_189' title='bbox 698 2877 867 2942; x_wconf 89' lang='lat' dir='ltr'><strong>remeauit.</strong></span> <span class='ocrx_word' id='word_1_190' title='bbox 911 2875 1016 2942; x_wconf 89' lang='lat' dir='ltr'><strong>Erant</strong></span> <span class='ocrx_word' id='word_1_191' title='bbox 1039 2873 1102 2941; x_wconf 90' lang='lat' dir='ltr'><strong>duo</strong></span> <span class='ocrx_word' id='word_1_192' title='bbox 1125 2876 1188 2941; x_wconf 91' lang='lat' dir='ltr'><strong>uiri</strong></span> <span class='ocrx_word' id='word_1_193' title='bbox 1210 2875 1340 2942; x_wconf 86' lang='lat' dir='ltr'><strong>fratres.</strong></span> <span class='ocrx_word' id='word_1_194' title='bbox 1365 2875 1464 2942; x_wconf 88' lang='lat' dir='ltr'><strong>ethii</strong></span> <span class='ocrx_word' id='word_1_195' title='bbox 1493 2897 1614 2958; x_wconf 87' lang='lat' dir='ltr'><strong>genere</strong></span> 
     </span>
     <span class='ocr_line' id='line_1_24' title="bbox 374 2979 1616 3049; baseline 0 -1"><span class='ocrx_word' id='word_1_196' title='bbox 374 2981 461 3048; x_wconf 86' lang='lat' dir='ltr'><strong>clari.</strong></span> <span class='ocrx_word' id='word_1_197' title='bbox 495 2979 721 3047; x_wconf 86' lang='lat' dir='ltr'><strong>habundantes</strong></span> <span class='ocrx_word' id='word_1_198' title='bbox 756 2981 866 3047; x_wconf 87' lang='lat' dir='ltr'><strong>seculo</strong></span> <span class='ocrx_word' id='word_1_199' title='bbox 901 2980 1113 3046; x_wconf 87' lang='lat' dir='ltr'><strong>obtinuerunt</strong></span> <span class='ocrx_word' id='word_1_200' title='bbox 1142 2980 1291 3046; x_wconf 90' lang='lat' dir='ltr'><strong>diuicias.</strong></span> <span class='ocrx_word' id='word_1_201' title='bbox 1336 2980 1406 3047; x_wconf 91' lang='lat' dir='ltr'><strong>Illis</strong></span> <span class='ocrx_word' id='word_1_202' title='bbox 1429 2986 1502 3047; x_wconf 87' lang='lat' dir='ltr'><strong>erat</strong></span> <span class='ocrx_word' id='word_1_203' title='bbox 1522 3001 1616 3049; x_wconf 89' lang='lat' dir='ltr'><strong>soror</strong></span> 
     </span>
     <span class='ocr_line' id='line_1_25' title="bbox 373 3083 1612 3170; baseline 0.001 -18"><span class='ocrx_word' id='word_1_204' title='bbox 373 3085 550 3153; x_wconf 91' lang='lat' dir='ltr'><strong>secondum</strong></span> <span class='ocrx_word' id='word_1_205' title='bbox 574 3083 780 3167; x_wconf 87' lang='lat' dir='ltr'><strong>superficiem</strong></span> <span class='ocrx_word' id='word_1_206' title='bbox 802 3084 926 3166; x_wconf 86' lang='lat' dir='ltr'><strong>pulcra.</strong></span> <span class='ocrx_word' id='word_1_207' title='bbox 949 3083 1007 3150; x_wconf 88' lang='lat' dir='ltr'><strong>sed</strong></span> <span class='ocrx_word' id='word_1_208' title='bbox 1037 3089 1074 3148; x_wconf 90' lang='lat' dir='ltr'><strong>ut</strong></span> <span class='ocrx_word' id='word_1_209' title='bbox 1101 3085 1148 3150; x_wconf 87' lang='lat' dir='ltr'><strong>rei</strong></span> <span class='ocrx_word' id='word_1_210' title='bbox 1170 3086 1325 3167; x_wconf 88' lang='lat' dir='ltr'><strong>probauit</strong></span> <span class='ocrx_word' id='word_1_211' title='bbox 1346 3087 1452 3153; x_wconf 86' lang='lat' dir='ltr'><strong>exitus</strong></span> <span class='ocrx_word' id='word_1_212' title='bbox 1474 3088 1515 3152; x_wconf 90' lang='lat' dir='ltr'><strong>ad</strong></span> <span class='ocrx_word' id='word_1_213' title='bbox 1537 3106 1612 3170; x_wconf 91' lang='lat' dir='ltr'><strong>pra·</strong></span> 
     </span>
     <span class='ocr_line' id='line_1_26' title="bbox 372 3189 1681 3272; baseline 0 -14"><span class='ocrx_word' id='word_1_214' title='bbox 372 3207 487 3258; x_wconf 89' lang='lat' dir='ltr'><strong>uorum</strong></span> <span class='ocrx_word' id='word_1_215' title='bbox 521 3189 741 3258; x_wconf 86' lang='lat' dir='ltr'><strong>detractiones</strong></span> <span class='ocrx_word' id='word_1_216' title='bbox 765 3189 896 3255; x_wconf 85' lang='lat' dir='ltr'><strong>minime</strong></span> <span class='ocrx_word' id='word_1_217' title='bbox 924 3189 1174 3271; x_wconf 80' lang='lat' dir='ltr'><strong>circumspecto3</strong></span> <span class='ocrx_word' id='word_1_218' title='bbox 1205 3189 1265 3256; x_wconf 92' lang='lat' dir='ltr'><strong>hec</strong></span> <span class='ocrx_word' id='word_1_219' title='bbox 1288 3191 1372 3256; x_wconf 90' lang='lat' dir='ltr'><strong>enim</strong></span> <span class='ocrx_word' id='word_1_220' title='bbox 1396 3191 1536 3272; x_wconf 89' lang='lat' dir='ltr'><strong>quodam</strong></span> <span class='ocrx_word' id='word_1_221' title='bbox 1560 3211 1612 3258; x_wconf 92' lang='lat' dir='ltr'><strong>sa·</strong></span> <span class='ocrx_word' id='word_1_222' title='bbox 1649 3212 1681 3258; x_wconf 82' lang='lat' dir='ltr'><strong>se</strong></span> 
     </span>
     <span class='ocr_line' id='line_1_27' title="bbox 373 3293 1612 3377; baseline 0.002 -17"><span class='ocrx_word' id='word_1_223' title='bbox 373 3296 505 3362; x_wconf 85' lang='lat' dir='ltr'><strong>cerdote</strong></span> <span class='ocrx_word' id='word_1_224' title='bbox 528 3293 662 3376; x_wconf 86' lang='lat' dir='ltr'><strong>anglico.</strong></span> <span class='ocrx_word' id='word_1_225' title='bbox 687 3293 742 3377; x_wconf 90' lang='lat' dir='ltr'><strong>qui</strong></span> <span class='ocrx_word' id='word_1_226' title='bbox 769 3294 801 3359; x_wconf 94' lang='lat' dir='ltr'><strong>in</strong></span> <span class='ocrx_word' id='word_1_227' title='bbox 826 3295 922 3360; x_wconf 91' lang='lat' dir='ltr'><strong>domo</strong></span> <span class='ocrx_word' id='word_1_228' title='bbox 945 3293 1081 3360; x_wconf 83' lang='lat' dir='ltr'><strong>fratrum</strong></span> <span class='ocrx_word' id='word_1_229' title='bbox 1108 3297 1177 3361; x_wconf 85' lang='lat' dir='ltr'><strong>eius</strong></span> <span class='ocrx_word' id='word_1_230' title='bbox 1200 3295 1356 3360; x_wconf 89' lang='lat' dir='ltr'><strong>manebat</strong></span> <span class='ocrx_word' id='word_1_231' title='bbox 1378 3293 1530 3362; x_wconf 84' lang='lat' dir='ltr'><strong>deuotam</strong></span> <span class='ocrx_word' id='word_1_232' title='bbox 1553 3297 1612 3363; x_wconf 88' lang='lat' dir='ltr'><strong>ha·</strong></span> 
     </span>
     <span class='ocr_line' id='line_1_28' title="bbox 371 3398 1613 3481; baseline 0.003 -17"><span class='ocrx_word' id='word_1_233' title='bbox 371 3399 452 3466; x_wconf 89' lang='lat' dir='ltr'><strong>bens</strong></span> <span class='ocrx_word' id='word_1_234' title='bbox 480 3398 734 3466; x_wconf 84' lang='lat' dir='ltr'><strong>familiaritatem</strong></span> <span class='ocrx_word' id='word_1_235' title='bbox 764 3403 799 3464; x_wconf 92' lang='lat' dir='ltr'><strong>et</strong></span> <span class='ocrx_word' id='word_1_236' title='bbox 825 3399 996 3466; x_wconf 87' lang='lat' dir='ltr'><strong>honestam</strong></span> <span class='ocrx_word' id='word_1_237' title='bbox 1032 3401 1225 3468; x_wconf 88' lang='lat' dir='ltr'><strong>seruitutem</strong></span> <span class='ocrx_word' id='word_1_238' title='bbox 1255 3400 1422 3481; x_wconf 88' lang='lat' dir='ltr'><strong>multaque</strong></span> <span class='ocrx_word' id='word_1_239' title='bbox 1453 3398 1613 3468; x_wconf 81' lang='lat' dir='ltr'><strong>beneficia</strong></span> 
     </span>
     <span class='ocr_line' id='line_1_29' title="bbox 373 3502 1613 3587; baseline -0.002 -16"><span class='ocrx_word' id='word_1_240' title='bbox 373 3505 403 3571; x_wconf 88' lang='lat' dir='ltr'><strong>ei</strong></span> <span class='ocrx_word' id='word_1_241' title='bbox 426 3505 618 3572; x_wconf 84' lang='lat' dir='ltr'><strong>contulerat.</strong></span> <span class='ocrx_word' id='word_1_242' title='bbox 662 3502 792 3570; x_wconf 82' lang='lat' dir='ltr'><strong>Accidit</strong></span> <span class='ocrx_word' id='word_1_243' title='bbox 819 3508 930 3568; x_wconf 87' lang='lat' dir='ltr'><strong>autern</strong></span> <span class='ocrx_word' id='word_1_244' title='bbox 961 3508 998 3568; x_wconf 92' lang='lat' dir='ltr'><strong>ut</strong></span> <span class='ocrx_word' id='word_1_245' title='bbox 1028 3503 1224 3572; x_wconf 82' lang='lat' dir='ltr'><strong>demoliens</strong></span> <span class='ocrx_word' id='word_1_246' title='bbox 1254 3504 1312 3570; x_wconf 89' lang='lat' dir='ltr'><strong>illa</strong></span> <span class='ocrx_word' id='word_1_247' title='bbox 1339 3505 1505 3587; x_wconf 89' lang='lat' dir='ltr'><strong>suspectio</strong></span> <span class='ocrx_word' id='word_1_248' title='bbox 1534 3505 1613 3572; x_wconf 90' lang='lat' dir='ltr'><strong>sini·</strong></span> 
     </span>
     <span class='ocr_line' id='line_1_30' title="bbox 373 3607 1612 3689; baseline 0 -15"><span class='ocrx_word' id='word_1_249' title='bbox 373 3614 443 3674; x_wconf 89' lang='lat' dir='ltr'><strong>stra</strong></span> <span class='ocrx_word' id='word_1_250' title='bbox 465 3610 612 3675; x_wconf 86' lang='lat' dir='ltr'><strong>oriretur.</strong></span> <span class='ocrx_word' id='word_1_251' title='bbox 657 3608 700 3672; x_wconf 85' lang='lat' dir='ltr'><strong>Et</strong></span> <span class='ocrx_word' id='word_1_252' title='bbox 732 3607 809 3689; x_wconf 86' lang='lat' dir='ltr'><strong>quia</strong></span> <span class='ocrx_word' id='word_1_253' title='bbox 837 3623 945 3672; x_wconf 90' lang='lat' dir='ltr'><strong>sermo</strong></span> <span class='ocrx_word' id='word_1_254' title='bbox 978 3607 1083 3673; x_wconf 86' lang='lat' dir='ltr'><strong>melus</strong></span> <span class='ocrx_word' id='word_1_255' title='bbox 1105 3613 1245 3676; x_wconf 88' lang='lat' dir='ltr'><strong>mentem</strong></span> <span class='ocrx_word' id='word_1_256' title='bbox 1281 3609 1482 3676; x_wconf 87' lang='lat' dir='ltr'><strong>audientium</strong></span> <span class='ocrx_word' id='word_1_257' title='bbox 1516 3608 1612 3674; x_wconf 85' lang='lat' dir='ltr'><strong>facilc</strong></span> 
     </span>
     <span class='ocr_line' id='line_1_31' title="bbox 373 3710 1681 3795; baseline 0 -17"><span class='ocrx_word' id='word_1_258' title='bbox 373 3714 459 3779; x_wconf 90' lang='lat' dir='ltr'><strong>solet</strong></span> <span class='ocrx_word' id='word_1_259' title='bbox 490 3711 636 3792; x_wconf 82' lang='lat' dir='ltr'><strong>inficere3</strong></span> <span class='ocrx_word' id='word_1_260' title='bbox 672 3713 871 3793; x_wconf 88' lang='lat' dir='ltr'><strong>accipientes</strong></span> <span class='ocrx_word' id='word_1_261' title='bbox 902 3710 1136 3795; x_wconf 84' lang='lat' dir='ltr'><strong>presbyterem.</strong></span> <span class='ocrx_word' id='word_1_262' title='bbox 1165 3711 1263 3778; x_wconf 92' lang='lat' dir='ltr'><strong>nichil</strong></span> <span class='ocrx_word' id='word_1_263' title='bbox 1285 3712 1352 3780; x_wconf 86' lang='lat' dir='ltr'><strong>tale</strong></span> <span class='ocrx_word' id='word_1_264' title='bbox 1384 3713 1610 3780; x_wconf 83' lang='lat' dir='ltr'><strong>formidantem</strong></span> <span class='ocrx_word' id='word_1_265' title='bbox 1647 3731 1681 3778; x_wconf 80' lang='lat' dir='ltr'><strong>ao</strong></span> 
     </span>
     <span class='ocr_line' id='line_1_32' title="bbox 371 3815 1609 3900; baseline 0.002 -18"><span class='ocrx_word' id='word_1_266' title='bbox 371 3817 526 3900; x_wconf 89' lang='lat' dir='ltr'><strong>frangunt</strong></span> <span class='ocrx_word' id='word_1_267' title='bbox 548 3819 577 3883; x_wconf 90' lang='lat' dir='ltr'><strong>ei</strong></span> <span class='ocrx_word' id='word_1_268' title='bbox 615 3817 730 3899; x_wconf 80' lang='lat' dir='ltr'><strong>tybias.</strong></span> <span class='ocrx_word' id='word_1_269' title='bbox 761 3815 916 3882; x_wconf 83' lang='lat' dir='ltr'><strong>obsidunt</strong></span> <span class='ocrx_word' id='word_1_270' title='bbox 954 3815 1107 3897; x_wconf 89' lang='lat' dir='ltr'><strong>linguam.</strong></span> <span class='ocrx_word' id='word_1_271' title='bbox 1141 3837 1160 3884; x_wconf 90' lang='lat' dir='ltr'><strong>a</strong></span> <span class='ocrx_word' id='word_1_272' title='bbox 1196 3817 1304 3899; x_wconf 89' lang='lat' dir='ltr'><strong>capite</strong></span> <span class='ocrx_word' id='word_1_273' title='bbox 1337 3817 1450 3884; x_wconf 90' lang='lat' dir='ltr'><strong>oculos</strong></span> <span class='ocrx_word' id='word_1_274' title='bbox 1482 3823 1609 3885; x_wconf 88' lang='lat' dir='ltr'><strong>eruunt.</strong></span> 
     </span>
     <span class='ocr_line' id='line_1_33' title="bbox 372 3919 1611 4004; baseline 0.002 -17"><span class='ocrx_word' id='word_1_275' title='bbox 372 3921 465 3988; x_wconf 89' lang='lat' dir='ltr'><strong>Hunc</strong></span> <span class='ocrx_word' id='word_1_276' title='bbox 494 3939 554 4004; x_wconf 91' lang='lat' dir='ltr'><strong>per</strong></span> <span class='ocrx_word' id='word_1_277' title='bbox 579 3919 696 3986; x_wconf 89' lang='lat' dir='ltr'><strong>merita</strong></span> <span class='ocrx_word' id='word_1_278' title='bbox 717 3921 806 3987; x_wconf 86' lang='lat' dir='ltr'><strong>beati</strong></span> <span class='ocrx_word' id='word_1_279' title='bbox 828 3921 916 4002; x_wconf 86' lang='lat' dir='ltr'><strong>regis</strong></span> <span class='ocrx_word' id='word_1_280' title='bbox 938 3928 972 3986; x_wconf 89' lang='lat' dir='ltr'><strong>et</strong></span> <span class='ocrx_word' id='word_1_281' title='bbox 993 3921 1135 3986; x_wconf 86' lang='lat' dir='ltr'><strong>martiris</strong></span> <span class='ocrx_word' id='word_1_282' title='bbox 1156 3921 1243 3987; x_wconf 91' lang='lat' dir='ltr'><strong>olaui</strong></span> <span class='ocrx_word' id='word_1_283' title='bbox 1274 3929 1308 3988; x_wconf 86' lang='lat' dir='ltr'><strong>et</strong></span> <span class='ocrx_word' id='word_1_284' title='bbox 1330 3941 1369 3987; x_wconf 86' lang='lat' dir='ltr'><strong>ex</strong></span> <span class='ocrx_word' id='word_1_285' title='bbox 1390 3925 1494 4003; x_wconf 88' lang='lat' dir='ltr'><strong>gratia</strong></span> <span class='ocrx_word' id='word_1_286' title='bbox 1516 3923 1611 3989; x_wconf 89' lang='lat' dir='ltr'><strong>ihesu</strong></span> 
     </span>
     <span class='ocr_line' id='line_1_34' title="bbox 372 4024 1610 4109; baseline 0 -17"><span class='ocrx_word' id='word_1_287' title='bbox 372 4026 484 4092; x_wconf 88' lang='lat' dir='ltr'><strong>christi</strong></span> <span class='ocrx_word' id='word_1_288' title='bbox 508 4027 662 4091; x_wconf 88' lang='lat' dir='ltr'><strong>uniuersa</strong></span> <span class='ocrx_word' id='word_1_289' title='bbox 689 4025 829 4091; x_wconf 87' lang='lat' dir='ltr'><strong>ecclesia</strong></span> <span class='ocrx_word' id='word_1_290' title='bbox 858 4024 1002 4091; x_wconf 89' lang='lat' dir='ltr'><strong>eiusdem</strong></span> <span class='ocrx_word' id='word_1_291' title='bbox 1033 4026 1177 4107; x_wconf 83' lang='lat' dir='ltr'><strong>regionis</strong></span> <span class='ocrx_word' id='word_1_292' title='bbox 1205 4027 1335 4094; x_wconf 88' lang='lat' dir='ltr'><strong>nouerit</strong></span> <span class='ocrx_word' id='word_1_293' title='bbox 1362 4029 1499 4109; x_wconf 91' lang='lat' dir='ltr'><strong>pristine</strong></span> <span class='ocrx_word' id='word_1_294' title='bbox 1523 4029 1610 4092; x_wconf 88' lang='lat' dir='ltr'><strong>sani·</strong></span> 
     </span>
     <span class='ocr_line' id='line_1_35' title="bbox 371 4131 652 4196; baseline 0.004 -1"><span class='ocrx_word' id='word_1_295' title='bbox 371 4131 432 4195; x_wconf 91' lang='lat' dir='ltr'><strong>tati</strong></span> <span class='ocrx_word' id='word_1_296' title='bbox 455 4131 652 4196; x_wconf 85' lang='lat' dir='ltr'><strong>restitutum.</strong></span> 
     </span>
    </p>
   </div>
   <div class='ocr_carea' id='block_1_6' title="bbox 0 0 1824 5342">
    <p class='ocr_par' dir='ltr' id='par_1_7' title="bbox 0 0 1824 5342">
     <span class='ocr_line' id='line_1_36' title="bbox 0 0 1824 5342; baseline 0 1"><span class='ocrx_word' id='word_1_297' title='bbox 0 0 1824 5342; x_wconf 95' lang='lat' dir='ltr'><strong> </strong></span> 
     </span>
    </p>
   </div>
  </div>
 </body>
</html>
