3668 5348
377 365 418 428 50
812 361 1005 419 nunonnrer
1022 363 1186 416 nonaum

377 547 459 612 Ares
490 549 528 612 et
559 545 637 630 [non
668 549 784 614 multa¹
816 553 986 631 praterea.
1043 547 1107 614 sao
1138 547 1215 631 qnia
1244 547 1375 628 longum
1406 551 1458 614 est
1479 547 1617 628 singulis

376 650 549 730 immorari,
572 657 780 721 transeamus
803 653 844 720 od
865 658 998 720 catera.

488 859 565 942 Gap.
589 861 686 928 XXV.
731 863 780 928 De
802 863 910 931 reditu
932 861 1069 930 Hanaldi
1091 859 1285 928 hardrader²
1307 861 1348 924 de
1371 859 1506 926 Gracia.

460 1028 582 1096 Videns
612 1029 724 1112 itaque
748 1029 878 1114 sueino,
910 1050 946 1097 se
969 1049 1034 1096 non
1056 1047 1156 1114 posse
1178 1029 1332 1095 resistere
1354 1027 1475 1094 viribus
1497 1027 1616 1110 Magni,

377 1132 528 1200 discessit
554 1128 574 1200 a
602 1135 721 1218 patria3
757 1155 851 1218 quem
884 1137 1049 1202 insecutus
1079 1153 1136 1201 rex
1165 1153 1238 1200 oum
1266 1133 1373 1200 classe
1403 1131 1562 1216 applicuit
1584 1133 1616 1198 iu
1651 1145 1666 1190 ὁ

375 1238 459 1318 loeo,
477 1239 534 1321 qui
550 1239 671 1306 dieitur
687 1239 907 1322 Ourarsund³3
931 1239 986 1308 ubi
1005 1260 1076 1308 eum
1089 1243 1300 1319 morarentur,
1324 1239 1527 1321 conspiciunt
1539 1257 1617 1323 qua·

377 1341 450 1410 dam
478 1343 531 1411 die
559 1363 672 1411 navem
703 1346 943 1427 adventantem,
972 1346 1079 1412 solitis
1104 1345 1312 1414 armamentis
1332 1343 1499 1409 venustius
1522 1361 1616 1410 orna·

377 1455 552 1530 tamnen
577 1446 683 1516 velum
707 1455 812 1517 totum
835 1469 1011 1536 purpuram
1034 1451 1206 1518 renitebat
1252 1449 1324 1527 Qua
1342 1447 1473 1515 insueta
1493 1447 1617 1515 visione

378 1554 537 1620 attonitus
572 1573 629 1620 rex
656 1557 757 1621 mittit
785 1551 858 1622 ilico
890 1557 944 1640 qui
974 1557 1150 1639 requirant,
1180 1553 1236 1637 qui
1258 1554 1326 1620 sint
1347 1551 1398 1618 vel
1421 1551 1507 1618 unde
1530 1549 1616 1619 reni·

316 1687 320 1694 ·
378 1661 442 1724 unt.
486 1659 692 1742 Responsum
716 1665 767 1725 est
787 1659 913 1727 nunciis
936 1661 1031 1742 regis,
1057 1679 1133 1728 esse
1155 1657 1343 1738 Haraldum,
1367 1657 1499 1722 fratrem
1523 1654 1618 1723 Olavi
1654 1663 1685 1711 10

377 1764 462 1843 regis
482 1761 669 1846 Norwogisa,
700 1766 883 1832 venientem
916 1767 955 1831 de
986 1765 1123 1832 Gracia.
1166 1763 1309 1830 Econtra
1335 1761 1383 1844 illi
1403 1762 1619 1844 sciscitantur,

378 1867 451 1948 quis
476 1867 593 1934 ductor
618 1869 662 1934 sit
683 1867 808 1949 classis,
833 1888 929 1953 quam
953 1871 1105 1954 inportu
1129 1869 1312 1936 cernebant.
1356 1863 1620 1950 Respondebant,

380 1989 453 2037 esse
464 1971 615 2054 Magnum
637 1973 738 2042 filium
760 1974 849 2041 beati
873 1976 976 2055 Olavi,
999 1993 1107 2058 regem
1129 1975 1237 2041 Daoiae
1262 1978 1296 2040 et
1313 1970 1501 2054 Noruagiae.
1548 1971 1619 2050 Quo

378 2075 491 2143 audito
514 2075 675 2144 Humidus
700 2097 773 2145 mon
796 2079 929 2144 divertit
951 2080 990 2144 ad
1013 2084 1167 2165 nepotem
1190 2097 1293 2158 suum,
1322 2097 1341 2143 a
1364 2094 1428 2159 quo
1451 2079 1488 2141 nt
1511 2075 1621 2144 decuit

379 2181 555 2248 honorifice
579 2189 753 2266 susceptus
777 2184 904 2265 aliquot
927 2183 997 2250 dies
1020 2183 1065 2249 ibi
1088 2185 1233 2249 moratus
1257 2188 1315 2248 est.
1361 2181 1506 2266 Cumque
1529 2179 1618 2263 Mag·
1655 2186 1687 2232 1⁵

378 2302 438 2350 nus
466 2286 512 2355 ‘ab
547 2305 586 2352 eo
620 2288 812 2370 postularet,
846 2277 944 2354 ut'ei
978 2287 1124 2354 subsidio
1155 2287 1240 2353 iuret
1264 2285 1305 2352 ad
1329 2284 1532 2352 subdendum
1557 2285 1620 2351 sibi

378 2405 513 2472 regnum
537 2391 657 2473 Dacia,
692 2393 778 2476 quod
808 2393 837 2458 ei
860 2393 958 2476 justis
986 2412 1025 2461 ex
1056 2391 1164 2459 causis
1195 2389 1385 2471 debebatur,
1409 2391 1620 2473 respondisse

378 2491 481 2561 lertur
513 2515 548 2562 se
581 2499 692 2579 potius
722 2498 806 2564 velle
833 2504 947 2584 petere
978 2499 1018 2564 ab
1050 2516 1088 2564 eo
1112 2497 1226 2580 partiri
1249 2515 1357 2566 secum
1381 2514 1516 2577 regnum
1539 2493 1620 2560 Nor·

379 2601 500 2682 wagiae,
525 2601 612 2684 quod
636 2601 695 2669 sibi
715 2603 789 2688 jure
810 2603 1019 2668 heredetorio
1042 2599 1229 2668 debebatur.
1276 2600 1334 2666 Oui
1359 2619 1431 2666 cum
1454 2620 1509 2665 rex
1531 2599 1619 2680 Mag·

378 2720 439 2772 nus
461 2708 604 2786 gratiose
626 2707 850 2790 respondisset
886 2745 919 2754 -
956 2706 1137 2773 eratenim
1160 2705 1247 2770 mitis
1271 2710 1305 2770 et
1325 2705 1549 2785 benignissimi
1572 2704 1617 2768 in·
1653 2723 1686 2769 ao

378 2810 466 2891 genii
487 2849 538 2892 —,
566 2831 649 2877 uuus
680 2832 719 2878 ex
747 2810 938 2879 consiliariis
965 2813 1061 2892 regis,
1088 2811 1190 2875 Einar
1211 2807 1510 2886 thambaslrelmer⁴‚
1544 2828 1617 2890 per·

379 2913 525 2996 pandens
567 2932 679 2984 secum
713 2916 882 2999 utriusque
915 2918 1016 2981 verba
1048 2932 1112 2981 non
1147 2914 1187 2980 de
1223 2915 1368 2999 ejusdem
1406 2914 1618 2994 benignitatis

380 3019 469 3086 lente
491 3039 632 3100 manare,
655 3022 825 3103 respondit
841 3023 964 3103 justum
988 3019 1099 3098 videri,
1125 3025 1161 3083 ut
1182 3020 1210 3084 si
1233 3037 1288 3084 rex
1310 3021 1448 3101 Magnus
1473 3017 1616 3084 Haraido

380 3124 544 3191 dimidiam
557 3131 684 3208 partem
696 3125 874 3206 Noruagiae
897 3128 1064 3203 annueret,
1083 3124 1154 3206 ipse
1175 3141 1304 3206 quoque
1323 3124 1503 3204 pecuniam,
1522 3141 1616 3205 quarn

378 3227 419 3294 de
443 3229 570 3296 Graeoia
589 3230 755 3310 attulerat,
778 3247 851 3294 eum
874 3247 951 3310 rege
975 3228 1147 3295 divideret:
1171 3227 1306 3292 multum
1325 3229 1409 3292 enim
1428 3245 1501 3292 eum
1520 3244 1617 3304 egere
1652 3239 1685 3288 aa

328 3357 336 3374 ·
378 3332 523 3415 pecunia,
546 3331 685 3417 plurima
713 3335 746 3399 iu
776 3330 1039 3416 expeditionibus
1063 3332 1204 3398 assiduis
1228 3329 1478 3413 consumpsisse.
1524 3329 1617 3396 Hane

378 3429 625 3518 responsionem
637 3436 945 3518 Haraldusiodigne
962 3435 1069 3502 ferens
1092 3437 1186 3502 dixit:
1210 3453 1247 3500 se
1269 3455 1331 3501 non
1356 3436 1396 3503 ob
1415 3435 1446 3499 id
1470 3435 1502 3500 in
1527 3441 1614 3502 exte·
1698 3499 1706 3511 ,

378 3542 422 3607 ris
444 3541 631 3624 regionibus
653 3560 712 3623 pro
730 3542 932 3624 adquirenda
949 3542 1087 3624 pecunia
1106 3539 1281 3621 objecisse⁵
1302 3541 1465 3622 perieulis,
1485 3546 1522 3605 ut
1540 3540 1616 3605 inde

378 3645 500 3711 ditaret
522 3644 684 3712 satellites
707 3645 816 3727 Magni
836 3647 967 3726 nepotis
991 3643 1061 3711 sui'
1107 3645 1166 3709 (lui
1196 3643 1311 3710 Einar:
1345 3643 1435 3710 Scias
1468 3663 1517 3712 me
1544 3645 1616 3710 ubi·

378 3767 503 3832 cunque
526 3755 643 3832 potero
667 3751 794 3816 obviam
816 3751 946 3831 iturum,
970 3768 1011 3815 ne
1026 3768 1159 3830 regnum
1179 3748 1338 3814 obtineas.
1369 3747 1462 3826 Quod
1482 3749 1615 3816 verbum
1650 3760 1684 3806 ιο

448 3955 510 4022 “Δ,
530 3977 586 4012 men
604 3975 664 4013 orer
682 3977 733 4013 non
753 3964 834 4014 multa
852 3971 933 4013 staur:
960 3961 976 4010 l.
1002 3957 1080 4012 nulla.
1110 3976 1161 4010 non
1179 3961 1250 4010 nulla
1274 3961 1308 4010 K.
1336 3957 1459 4010 nonnulla
1485 3959 1565 4009 muita
1588 3957 1616 4010 S.

379 4047 491 4102 'rattet
512 4050 648 4101 llardrod’r
665 4050 691 4102 S.
727 4051 857 4102 Hardradr
876 4049 908 4100 A.
944 4047 1076 4098 ilardradr
1093 4047 1125 4099 K.
1162 4043 1212 4100 ¹8.
1230 4047 1373 4100 Ouramunt
1391 4045 1473 4098 ABR.
1511 4043 1616 4097 ⁴rettet.

301 4148 303 4152 ’
376 4137 507 4190 number
525 4139 628 4191 Kalmer
644 4139 746 4192 AKSB.
782 4135 836 4188 ⁵11
853 4139 989 4202 indslryder
1006 4137 1066 4187 ber:
1084 4151 1117 4188 ιιι.

465 4328 491 4386 l.
534 4319 628 4404 Aroe]
653 4327 719 4388 nml.
742 4325 832 4386 Helen.
856 4327 1001 4386 sav-39
1023 4344 1064 4402 og
1087 4325 1157 4386 543.

463 4433 490 4489 3.
537 4431 610 4508 Gap.
633 4421 728 4508 XXV]
753 4433 807 4490 afr.
830 4415 929 4508 Agrip
953 4432 1076 4490 tio-63
1102 4426 1288 4506 (iorakiellig
1315 4422 1430 4504 Kiide),
1461 4429 1517 4488 der
1543 4427 1616 4490 ikke

376 4535 508 4613 lejeuder
529 4555 629 4612 nagan
651 4535 812 4612 Uenlgbsd
832 4535 954 4594 mallem
975 4533 1108 4611 Magnus
1131 4550 1170 4610 og
1192 4533 1316 4594 Harald.

463 4643 491 4704 3.
534 4631 724 4716 Hardrader]
747 4639 824 4700 huns
847 4640 975 4700 'lilnarn
998 4637 1098 4700 findas
1118 4638 1181 4701 leun
1202 4639 1267 4712 her,
1288 4637 1361 4698 ibina
1382 4639 1393 4700 i
1414 4637 1541 4700 Tentan-
