3640 5342
393 373 455 437 246

476 557 574 640 Reap.
633 559 660 624 0
691 563 833 641 quantus
860 557 938 625 fidei
969 559 1078 625 leruor
1105 558 1310 625 inuictlssimi
1343 557 1485 624 martiris
1519 559 1634 638 pectus

393 664 589 730 accenderat
618 663 673 746 qui
708 663 740 728 in
775 663 880 730 medio
913 665 1058 745 gentium
1092 663 1262 731 efferarum
1296 663 1506 729 constitutus.
1561 661 1634 727 Non

394 769 546 834 cessabat
568 775 676 835 tamen
697 768 812 836 salutis
835 769 969 834 uerbum
993 771 1119 836 cunctis
1142 770 1324 852 predicare.

476 894 557 940 ocra.
611 874 731 941 Multos
764 875 907 941 habebat
940 875 1149 941 aduersarios
1179 876 1233 958 qui
1266 875 1338 941 uias
1373 873 1495 940 domini
1528 878 1635 939 rectas

392 979 595 1044 conabantur
617 983 775 1046 euertere.
819 980 892 1046 Non
913 999 1013 1048 cessa.

523 1148 596 1214 idio
618 1146 716 1229 Blaci,
739 1149 900 1216 Forsiden
925 1153 977 1229 [=-
1002 1169 1032 1232 p.
1056 1155 1221 1216 2312244
1245 1168 1285 1232 og
1307 1147 1498 1231 23230-32].

477 1284 615 1366 Magnus
637 1283 787 1350 dominus
810 1290 844 1352 et
865 1285 1039 1352 laudabilis
1060 1286 1165 1352 valde.
1189 1285 1242 1368 qni
1266 1285 1351 1366 regis
1370 1284 1457 1350 olnui
1475 1283 1637 1348 industria

393 1389 425 1453 in
447 1387 607 1456 lateribus
630 1390 790 1473 aquilonis
815 1389 963 1457 fundauit
986 1391 1154 1458 ciuitatem
1178 1409 1281 1456 suam.

472 1515 526 1578 pa.
548 1494 666 1562 venite.

475 1599 622 1684 hymnus.
667 1601 755 1667 Deus
778 1605 917 1667 tuorum.

835 1772 1191 1854 mmmmmm.

476 1911 541 1974 aul.
585 1905 754 1990 Regnante
765 1907 983 1973 illustrissimo
1007 1926 1084 1987 rege
1105 1907 1200 1974 olauo
1224 1906 1310 1988 apud
1329 1905 1516 1986 noroegiam
1540 1924 1638 1972 senc·

394 2017 470 2077 runt
493 2011 558 2078 illie
580 2029 739 2096 precones
762 2012 853 2078 verbi
877 2012 941 2077 dei.

530 2181 606 2246 2det
628 2178 726 2262 Blaci,
751 2181 915 2262 Bagsidsn
940 2180 993 2266 [-
1017 2200 1049 2263 p.
1072 2184 1281 2248 23238-2337
1307 2179 1491 2264 0323310}

471 2336 526 2399 pa.
572 2315 696 2382 Beatus
718 2317 775 2382 vir.
1677 2324 1711 2370 1⁵

477 2426 543 2488 unt.
587 2421 657 2488 Rex
685 2425 794 2488 autem
822 2420 879 2487 ille
908 2421 986 2488 licet
1016 2420 1147 2502 gentilis
1174 2425 1291 2486 natura
1316 2419 1473 2500 benignus
1503 2424 1574 2486 erat
1604 2424 1640 2485 et

392 2527 434 2592 ad
460 2525 601 2593 honesta
628 2543 757 2609 queque
784 2526 951 2608 sequenda
982 2525 1123 2608 quadum
1155 2527 1271 2591 mentis
1299 2525 1499 2606 ingenuitate
1528 2541 1639 2606 prom-

392 2631 549 2700 tissimus.

472 2757 525 2819 pa.
568 2738 675 2816 Quare
697 2736 840 2804 fratrem.

476 2847 559 2909 ant..
587 2841 649 2908 Hic
680 2843 868 2925 euangelica
898 2843 1047 2908 uentatis
1069 2841 1277 2908 scinceritate
1300 2846 1467 2924 comperta
1490 2841 1531 2907 ad
1555 2837 1639 2924 bap·
1677 2848 1713 2891 20

390 2948 478 3016 tismi
501 2947 639 3030 gratiam
664 2946 783 3014 deuota
807 2947 978 3014 alacritate
999 2945 1195 3013 conuolauit.

471 3073 524 3136 pa.
568 3053 707 3120 Domine
730 3053 816 3135 quid.

475 3177 555 3224 vere.
601 3158 713 3224 Gloria
736 3158 925 3224 ethonore.

478 3261 577 3346 Resp.
622 3263 659 3328 In
682 3262 782 3344 regali
809 3261 939 3343 fastigio
962 3262 1160 3328 constitutus
1182 3261 1301 3345 spiritu
1321 3280 1447 3345 pauper
1470 3266 1541 3328 erat

692 3447 887 3527 idiomati,
911 3446 1075 3528 Bagsiden
1100 3451 1153 3528 [a
1177 3451 1277 3514 2341-
1292 3447 1330 3531 9].
1677 3455 1713 3501 2⁵

477 3597 697 3681 ·panescebat
719 3598 774 3682 [ad
805 3595 1045 3664 multitudinem
1072 3597 1202 3665 nimiam
1226 3617 1287 3665 nec
1311 3599 1480 3682 despectio
1503 3597 1640 3682 propin-

393 3707 543 3787 quo]rum
567 3703 714 3770 terrebat
736 3721 818 3769 cnm.

483 3807 570 3873 Vera.
615 3805 784 3875 Offerebat
804 3825 840 3874 se
861 3815 978 3890 sponte
1001 3807 1154 3891 periculis
1182 3809 1360 3875 martirium
1382 3809 1548 3890 suscipere
1571 3827 1641 3875 non

392 3930 554 3981 recusans.
596 3913 679 3979 Non.

477 4017 588 4083 Gloria
608 4017 695 4101 patri
717 4023 750 4085 et
771 4017 838 4084 filio
862 4023 897 4084 et
918 4017 1047 4101 spiritui
1070 4023 1194 4084 sancto.
1681 4029 1719 4076 ³0

873 4203 910 4268 ln
933 4201 956 4268 ii
981 4207 1149 4270 nocturno.

476 4359 540 4420 cal.
585 4354 778 4422 Purifieatus
806 4355 904 4437 igitur
930 4356 1061 4421 lauacro
1090 4354 1227 4420 salutari
1254 4359 1390 4438 repente
1418 4361 1565 4423 mutatus
1590 4365 1647 4426 ast

391 4459 423 4526 in
447 4460 545 4526 alium
568 4460 684 4527 uirum.

469 4585 523 4647 pa.
568 4564 648 4631 Cum
671 4566 736 4631 inu.

475 4673 539 4737 aut.
585 4669 706 4737 Conse·
