3668 5348
388 359 427 423 36
827 357 1021 412 monerer
1038 357 1202 414 mousom

387 542 520 609 neuen
534 540 620 608 filius
631 543 735 606 Bruse
751 541 809 608 filii
827 542 968 622 Siwnrdi,
986 544 1041 624 qui
1056 544 1178 624 primns
1190 542 1331 608 omnium
1346 541 1512 608 consulum
1524 542 1627 608 Orco-

389 645 462 712 dum
486 645 662 710 insularum
681 643 876 712 christianus
896 647 967 724 fuit,
984 649 1076 729 cnjus
1094 646 1244 728 superius
1264 645 1458 712 mentionem
1478 643 1624 714 lecimus.

470 749 530 814 Isti
558 748 689 814 luerunt
716 749 777 814 viri
805 751 930 817 strenui
963 756 997 815 et
1028 751 1140 829 fortes,
1174 767 1309 832 corpore
1344 756 1378 814 et
1409 749 1517 815 unimo
1547 747 1627 815 veli·

388 852 495 920 diores
527 853 631 918 multo
667 871 761 935 quom
796 853 847 919 his
883 854 1010 920 miseris
1044 855 1254 936 temporibus,
1287 853 1383 934 longe
1415 858 1525 918 tumen
1556 853 1626 920 suis

387 957 648 1022 antecessoribus
669 956 849 1024 interiores.
893 959 997 1042 Hujus
1020 959 1241 1028 diminutionis
1261 959 1361 1024 telem
1384 957 1493 1022 reddit
1522 957 1626 1022 retio-
1660 967 1677 1016 n

387 1079 460 1128 nem
483 1061 606 1127 Plinius
628 1062 795 1128 Secundus
817 1065 850 1128 in
873 1063 1012 1128 neturcli
1041 1064 1193 1142 historie3
1225 1063 1324 1128 verbs
1358 1061 1459 1142 ipsius
1491 1079 1625 1144 ponem:

387 1165 641 1247 implorum,
674 1167 788 1246 inquit,
820 1171 971 1234 cuncto
992 1169 1223 1234 mortalium
1244 1173 1392 1249 generi
1415 1166 1628 1234 miuorcm⁸

387 1272 425 1338 iu
450 1271 536 1338 dies
558 1271 649 1338 lieri
671 1272 964 1352 propemodum
989 1273 1251 1352 observatur,
1273 1291 1474 1358 torosque
1497 1271 1627 1353 petri-

388 1377 460 1442 bus
481 1376 750 1457 proceriores
780 1381 1054 1442 consumente
1076 1377 1313 1444 ubertatem
1337 1379 1541 1446 seminum
1564 1395 1626 1444 ex·

387 1479 643 1559 ostiensis
670 1480 787 1560 cuius
819 1480 948 1546 vices⁴
976 1497 1082 1548 nunc
1104 1481 1254 1562 vergiu
1280 1501 1414 1550 evum.
1458 1483 1539 1548 Hinc
1559 1483 1625 1548 Pli·
1661 1483 1693 1530 ¹⁰

387 1586 474 1664 niun;
497 1603 560 1651 non
584 1585 668 1650 enim
692 1583 816 1650 lutebet
831 1584 1056 1664 philosophos,
1074 1587 1152 1668 quic
1168 1587 1343 1658 audieruut
1365 1589 1520 1654 dilnvium
1544 1603 1627 1668 pre·

388 1690 539 1766 cessisse,
559 1689 712 1756 seculum
735 1705 879 1770 praesens
901 1690 1071 1754 exustione
1089 1689 1274 1756 finiendum.
1319 1693 1469 1760 Lucanos
1491 1707 1622 1772 quoque

385 1811 449 1858 non
471 1793 576 1859 miuus
600 1791 812 1872 philosophus
835 1809 930 1872 quum
953 1801 1053 1874 poete
1075 1794 1163 1872 dicit,
1186 1795 1242 1860 ubi
1264 1796 1304 1860 cd
1327 1796 1443 1862 Iulium
1464 1794 1625 1862 Quorum

386 1898 538 1978 loquitur,
560 1915 601 1961 eo
624 1896 711 1977 quod
733 1895 899 1976 prohibuit
919 1895 1066 1964 comburi
1090 1903 1234 1966 mortuos
1257 1899 1289 1964 in
1312 1898 1414 1967 bello:

470 1999 547 2078 Hos,
571 1999 689 2076 deser,
712 1999 851 2081 populos
874 1999 1021 2066 situnne
1042 2021 1108 2068 non
1130 2004 1251 2066 usserit
1272 2003 1367 2084 ignis,
1559 2003 1560 2008 ’
1662 2001 1692 2048 ¹⁵

472 2103 553 2168 Uret
572 2119 644 2166 cum
666 2102 772 2182 terris,
796 2108 870 2168 uret
890 2121 963 2170 cum
988 2107 1116 2188 gurgite
1139 2092 1238 2187 ponti,

472 2206 657 2272 Communis
679 2209 797 2272 mundo
819 2213 971 2288 superest
991 2227 1088 2288 rogus
1112 2210 1239 2276 ossibus
1255 2214 1354 2282 ,ostro

470 2310 645 2384 missurus,
1256 2331 1260 2340 ’

471 2413 594 2479 (iuncte
615 2430 754 2495 namque
775 2413 808 2478 in
829 2419 919 2479 ternu
941 2435 978 2481 ex
1012 2416 1122 2480 colore
1156 2422 1192 2484 et
1223 2418 1357 2485 humore
1393 2424 1624 2501 procreentur3

386 2517 418 2581 in
442 2516 559 2597 quibus
583 2503 671 2582 color
692 2517 843 2594 abundet,
873 2517 955 2581 fiunt
981 2519 1124 2598 exiliora,
1157 2521 1329 2600 graciliore
1363 2531 1396 2586 et
1433 2521 1623 2602 subtilioru;
1659 2517 1694 2566 ²0

387 2627 422 2686 et
441 2620 496 2686 ubi
517 2621 674 2703 praevelet
695 2621 819 2700 humor,
842 2626 918 2685 sunt
934 2623 1106 2702 grossiora,
1130 2627 1315 2710 proceriore
1338 2635 1372 2692 et
1394 2627 1496 2708 magis
1510 2645 1625 2712 corpu-

386 2726 484 2792 lento.
538 2723 631 2790 Hunc
670 2724 931 2790 vicissitudinem
971 2729 1151 2793 seculorum
1188 2731 1366 2796 exustionis
1399 2739 1434 2795 et
1466 2731 1623 2798 eluvionis

386 2828 511 2896 inducit
531 2829 634 2907 Pluto,
668 2829 780 2894 dicens
812 2829 950 2911 expletis
984 2831 1167 2911 quindecim
1201 2833 1342 2899 millibus
1376 2853 1533 2900 annorum
1567 2853 1622 2901 eus

387 2933 570 2998 alternatim
594 2933 742 2998 occidere
765 2951 925 3015 omneque
949 2933 1122 3002 humanum
1135 2955 1239 3016 genus
1253 2939 1386 3004 interire
1403 2944 1524 3020 praeter
1546 2958 1624 3020 puu-

387 3038 544 3117 cissimos,
568 3037 622 3118 qui
646 3036 754 3118 aliquo
777 3055 855 3102 cusu
877 3037 1025 3116 evadent,
1048 3041 1135 3106 unde
1157 3047 1275 3122 postes
1296 3048 1489 3124 reperentur
1518 3044 1622 3108 homi·
1658 3035 1690 3080 ²⁵

386 3158 462 3220 nes;
495 3142 556 3206 hoc
579 3159 709 3222 semper
732 3140 879 3206 extitisse
902 3147 936 3207 et
956 3160 1087 3226 semper
1108 3144 1249 3210 futurum
1274 3165 1359 3212 esse.
1413 3147 1483 3212 Nec
1515 3153 1623 3212 temen

386 3247 538 3312 mundum
564 3243 683 3328 [voluit
703 3244 790 3310 Dcu'
812 3263 955 3312 coaevum
979 3265 1062 3328 esse,
1085 3249 1143 3312 sed
1166 3250 1252 3314 sicut
1271 3251 1443 3329 vestigium
1467 3269 1504 3315 es
1528 3251 1623 3333 pede,

386 3367 449 3414 non
472 3367 531 3431 pes
552 3367 592 3412 ex
612 3349 760 3429 uestigio,
784 3354 948 3415 ettamen
972 3369 1010 3415 ex
1032 3369 1097 3432 quo
1120 3353 1204 3433 pes⁸,
1234 3372 1334 3418 exeo
1357 3355 1544 3436 vestigium:
1578 3357 1625 3422 itu

455 3497 463 3528 ¹
481 3511 555 3553 rottet
579 3499 655 3562 (citor
672 3495 735 3567 Cup.
753 3501 805 3562 et).
823 3505 993 3566 Rengwelder
1011 3505 1045 3555 A.
1063 3505 1213 3568 Ilngwnlder
1231 3507 1261 3555 B.
1281 3507 1459 3569 lingnuvelder
1478 3510 1509 3559 K.
1537 3511 1624 3574 Regn-

386 3590 514 3640 unederS·
549 3587 637 3641 'Au
648 3592 690 3640 Ad
708 3589 734 3640 S.
770 3585 918 3642 'dimeter
935 3607 995 3642 orer
1004 3591 1109 3654 Idnjeu:
1126 3602 1189 3656 putu
1207 3603 1336 3654 eruturum,
1355 3597 1453 3644 hoilkst
1466 3598 1500 3647 K.
1518 3607 1623 3662 opteger

385 3677 510 3728 i'l'exten
535 3677 710 3728 iPnrenthen.
743 3673 825 3730 ‘AR
842 3681 908 3728 vireu
926 3679 957 3729 K.
994 3675 1076 3732 Ἀθ.
1094 3681 1120 3730 Δ
1137 3687 1221 3730 salter
1238 3697 1298 3730 over
1314 3681 1405 3744 Linjen
1422 3699 1438 3734 e
1456 3681 1489 3743 (⁰²
1515 3695 1623 3748 verget,

385 3765 496 3816 Rettelse
522 3763 585 3813 ultor
610 3761 728 3825 Plinius),
754 3767 852 3816 hvilkot
874 3768 900 3817 K
927 3777 1038 3834 opteger.
1084 3763 1146 3818 Ἀ.
1169 3769 1206 3818 eie
1230 3769 1256 3820 S·
1304 3765 1359 3820 ²8.
1378 3771 1434 3820 Deo
1460 3771 1540 3826 voluit
1564 3773 1624 3824 Ali

386 3847 468 3902 Ἀθ.
485 3852 511 3900 K
528 3851 664 3915 indekyder
681 3861 739 3902 eet.

471 3990 499 4047 2.
544 3981 696 4064 superius]
721 3988 795 4065 Gap.
817 3991 861 4048 IX
883 4009 978 4065 supro
999 3988 1239 4064 (JKirohmeuu).

471 4095 499 4151 i.
544 4091 578 4151 Iu
611 4084 747 4169 plenum]
782 4092 907 4152 Plinius’
931 4094 994 4153 Ord
1027 4092 1095 4167 (vn
1116 4116 1141 4155 c.
1167 4091 1216 4169 16)
1249 4075 1298 4156 er:
1341 4098 1376 4157 In
1405 4101 1529 4158 trimodo
1563 4119 1619 4160 suo

385 4197 496 4272 cuique
520 4197 674 4256 dimidium
696 4217 767 4256 esse
792 4216 1008 4256 mensurum
1038 4201 1151 4260 future
1185 4207 1300 4260 certum
1335 4208 1397 4276 est3
1429 4206 1460 4260 in
1494 4203 1619 4280 plenum

384 4303 489 4363 eutem
511 4305 620 4360 cuncto
644 4301 815 4360 montelium
837 4304 942 4376 generi
967 4305 1113 4364 minorem
1144 4309 1176 4364 in
1200 4305 1266 4365 dies
1300 4305 1367 4365 fieri
1399 4310 1619 4384 propemodum

385 4403 568 4464 obruantur
587 4423 735 4480 roresque
756 4404 897 4481 putribus
919 4409 1111 4480 proceriores
1125 4414 1321 4469 consumente
1338 4411 1516 4482 ubertatem,
1532 4413 1621 4472 nemi·

384 4527 457 4567 uum
479 4510 649 4579 exustione,
671 4509 701 4565 iu
725 4510 813 4582 cujus
834 4507 917 4568 vicen
938 4529 1018 4583 nunc
1041 4517 1147 4588 verget
1169 4533 1273 4573 nvom.

473 4615 520 4671 ru.
563 4603 718 4686 Lucanus]
743 4610 917 4672 Phereclieu
937 4613 1001 4688 VII,
1025 4619 1169 4676 slu-lu
1194 4614 1437 4692 (JKirchmenn).
