3640 5342
253 4070 269 4117 2
287 4067 354 4128 Aug.

389 311 452 390 tet

390 524 519 576 merens
548 513 583 574 et
612 507 750 590 elinguis
782 517 934 578 venerut:
963 504 1068 577 libere
1101 505 1239 594 loquens
1269 507 1310 580 ud
1332 529 1394 579 sue
1416 528 1488 579 cum
1511 509 1632 596 gaudio

389 614 560 680 remeauit.

474 727 559 804 Rerp.
604 727 722 805 ltaque.
769 720 823 806 [=
846 750 877 807 p.
902 721 1023 805 234²⁶].

473 823 587 891 Lectio
610 825 646 906 ij.
691 826 783 892 Alter
805 827 938 909 quidam
962 826 1085 893 uslaius
1107 832 1223 909 captus
1245 827 1376 893 abscisa
1398 827 1524 908 lingna:
1546 827 1632 896 lorte

390 928 520 1012 elapsus
550 935 609 996 est.
659 931 721 998 Hic
750 933 791 998 ad
822 933 1011 1000 memoriam
1041 934 1192 1016 martyris
1215 933 1364 998 veniens:
1395 939 1428 998 et
1455 938 1490 998 vt
1519 934 1630 1015 lingue
1684 947 1701 992 ὁ

388 1049 448 1101 suc
481 1035 620 1116 pristina
648 1037 841 1104 redderetur
869 1039 1009 1104 sonitus:
1045 1057 1116 1104 cum
1151 1037 1265 1104 intima
1293 1037 1403 1104 cordis
1434 1039 1632 1106 contritione

387 1141 576 1223 postulans:
599 1159 692 1208 usum
715 1143 870 1226 loquendi
894 1161 990 1226 quern
1014 1143 1169 1211 amiserat
1189 1143 1316 1226 recepit
1337 1161 1439 1226 seque
1460 1145 1492 1210 iu
1516 1143 1631 1211 eadem

387 1246 524 1328 perenni
546 1244 705 1332 obsequio
729 1249 878 1332 martyris
902 1249 1112 1330 manciponit.

471 1359 556 1438 Rrrp.
601 1359 812 1422 Confluebant.
859 1358 912 1433 [ε
935 1381 966 1440 p.
991 1353 1094 1437 2353]Ι

471 1456 580 1524 Lectio
602 1460 704 1526 tertia.
749 1459 865 1526 Mulier
895 1459 1035 1542 qaedam
1066 1459 1149 1524 adeo
1172 1459 1363 1525 deformiter
1380 1465 1563 1528 contractu:
1597 1467 1631 1528 vt
1669 1470 1702 1516 1⁰

387 1566 490 1650 pedes
514 1565 585 1631 eius
608 1564 756 1632 clunibus
780 1563 976 1632 adhererent
996 1565 1037 1630 ud
1056 1563 1260 1648 sepulchrum
1280 1566 1432 1648 martyris
1453 1566 1554 1632 allatu
1569 1572 1628 1633 est.

386 1671 449 1737 Ubi
484 1689 555 1738 cnm
589 1670 621 1736 iu
653 1669 838 1736 lachrimis:
872 1675 908 1736 et
940 1669 1168 1737 obsecratione
1202 1669 1350 1752 peruigili
1383 1677 1631 1752 perseuerasset

386 1777 525 1842 diutius:
559 1776 683 1857 integre
706 1774 856 1858 sospitati
879 1775 1005 1841 redditu
1035 1777 1181 1841 extensis
1209 1775 1338 1840 neruis:
1372 1776 1490 1842 erectis
1525 1778 1628 1860 tiles:

386 1881 578 1950 confortatis
600 1879 749 1963 pedibus,
774 1883 808 1946 et
829 1879 964 1962 singulis
989 1877 1142 1946 membris
1166 1879 1272 1946 officio
1294 1899 1354 1948 suo
1377 1887 1412 1947 et
1430 1881 1533 1946 forme
1555 1882 1628 1948 red·

387 1988 474 2069 dide,
497 1986 538 2053 ad
561 1983 695 2068 propria
716 1985 899 2068 repedeuit.
1669 2011 1702 2054 15

470 2099 553 2176 Reup.
597 2097 743 2158 Florebat
765 2097 854 2158 fides.
900 2089 954 2174 [=
979 2117 1009 2176 p.
1033 2093 1152 2170 2351⁶].

469 2215 524 2264 ant.
570 2205 716 2266 Uisitanit
737 2222 794 2262 nos
819 2204 969 2263 dominus.
1012 2213 1040 2262 ut
1059 2223 1144 2280 cupro

466 2301 625 2384 psalmus.
670 2301 878 2368 Benedictus.

655 2527 692 2594 ln
719 2527 905 2596 solennitate
930 2529 1032 2597 sancti
1052 2527 1141 2620 petri
1165 2527 1209 2594 ad
1233 2526 1360 2594 uinmla

821 2691 865 2757 od
884 2693 1008 2774 primas
1028 2710 1185 2774 emperor.
1664 2711 1699 2758 no

469 2827 641 2893 Desuaeto
653 2825 747 2892 olauo
765 2831 831 2892 uut.
866 2826 1112 2894 Gloriosissimc
1124 2843 1188 2891 rex.
1210 2827 1368 2906 utsupra.
1391 2827 1444 2903 [=
1456 2844 1488 2907 p.
1502 2825 1625 2909 240⁸7J.

603 3009 680 3075 Post
702 3011 937 3078 Benedicamus
961 3011 1092 3078 domino
1116 3011 1153 3076 dc
1173 3013 1284 3076 sancto
1308 3009 1402 3076 oluuo

467 3165 653 3248 antiplona.
699 3163 749 3228 Sit
772 3180 903 3247 semper
923 3183 1049 3230 summu
1071 3163 1154 3229 lans.
1177 3167 1209 3226 ot
1230 3181 1341 3244 supra.
1387 3163 1441 3247 [==
1465 3179 1496 3244 p.
1519 3165 1623 3243 240⁷].

853 3347 931 3414 Post
953 3347 1142 3431 Magnificut

468 3504 547 3572 Fiat
569 3503 818 3570 coruuremoratr'o
841 3500 880 3567 do
901 3503 1011 3565 saneto
1031 3499 1125 3565 olauo
1147 3520 1217 3565 oum
1237 3499 1296 3564 dac
1317 3499 1501 3582 antiplona.
1662 3515 1695 3560 so

466 3612 588 3678 Beatus
611 3610 660 3674 vir
681 3609 797 3674 olnuus
820 3606 1026 3671 talentorum.
1071 3611 1103 3670 ut
1123 3607 1159 3670 iu
1182 3607 1338 3670 cummuni
1358 3605 1525 3685 suffronio.

465 3713 652 3780 uersimtus.
699 3713 812 3779 Gloria
835 3716 869 3778 et
892 3711 1025 3778 honore.

470 3817 590 3886 Oratio.
636 3817 849 3899 Omnipotens
873 3838 923 3899 qq.
945 3839 973 3881 o.

642 4043 766 4128 Quinta
792 4044 842 4112 die
867 4044 958 4136 iufra
984 4057 1129 4112 octauam
1155 4043 1238 4114 deatr'
1262 4043 1359 4117 olaur'.

464 4206 522 4273 Aa
552 4207 726 4274 matutinae
755 4206 983 4273 Inuitatorr'um
1010 4210 1039 4272 et
1067 4211 1169 4272 cetera
1196 4208 1302 4272 omniu
1337 4225 1458 4270 neonem
1487 4209 1516 4271 et
1544 4204 1622 4271 dore
1659 4227 1694 4272 eo

381 4313 547 4380 diurnales
567 4311 712 4394 pleniter
735 4317 936 4396 percurratur
964 4311 1223 4394 quemadmodum
1252 4313 1361 4394 primu
1390 4311 1442 4376 die
1470 4315 1547 4392 post
1576 4310 1622 4390 fe-

379 4425 465 4486 stum
486 4419 555 4484 ciue
569 4421 787 4500 prenotautur
810 4438 880 4483 aum
901 4417 952 4481 dis
975 4415 1173 4484 lectionibus.

465 4523 573 4590 Lectio
591 4523 708 4604 priora.
754 4523 869 4590 ERent
897 4523 960 4588 duo
984 4559 1024 4568 -
1047 4527 1302 4605 suppresserunt
1326 4551 1364 4576 π
1391 4525 1621 4590 13811-1393.

464 4635 546 4720 Rern.
591 4635 771 4697 Dunenerat
792 4641 915 4711 martyr.
957 4655 1042 4712 supra
1063 4639 1091 4694 iu
1112 4636 1156 4694 die
1175 4645 1278 4695 saneto.
1324 4627 1379 4710 [=-·
1401 4655 1432 4712 p.
1457 4627 1565 4709 236sp
