3668 5348
380 307 419 372 32
553 381 555 384 ,
802 306 1010 360 renouaret
1027 305 1194 362 mousom

376 491 447 568 dus,
471 491 627 557 naturalia
651 491 796 555 historias
811 490 988 571 [scriptor'‚
1009 491 1213 573 virprudens
1237 495 1274 574 et¹
1290 489 1623 570 ‹lectissimusilbry-

377 597 491 677 sippus
514 595 729 677 philosophus
753 600 787 659 et
810 595 903 660 multi
926 597 980 660 ulii
1005 596 1119 661 dicunt
1137 611 1211 659 esse
1233 595 1337 660 locum
1360 593 1451 660 illum
1474 595 1620 677 pervium

377 701 418 766 ad
449 700 615 766 matricem
649 699 812 781 abyssum,
847 700 888 764 de
921 717 986 781 qua
1015 698 1118 764 fluere
1152 699 1295 764 creditur
1328 701 1432 766 omnis
1465 717 1623 782 aquarum

377 804 585 884 abundantia,
601 805 740 886 ideoque
752 803 874 869 nullum
895 805 1030 887 reperiri
1052 804 1194 869 fundum.
1229 805 1277 870 De
1298 805 1358 869 bac
1377 804 1493 886 abysso
1509 803 1622 868 scribi-

378 909 480 972 turin
501 909 637 974 Genesi:
660 910 708 974 Et
729 911 841 990 rupti
865 915 960 974 sunt
982 927 1122 974 omnes
1146 907 1281 974 fontes
1307 909 1440 991 abyssi
1465 927 1621 990 magna.
1657 919 1672 964 ⁵

377 1012 495 1078 Paulus
518 1031 647 1096 quoque
672 1016 844 1093 Diaconos,
868 1013 1045 1080 monachus
1059 1013 1261 1079 (laminensis
1283 1016 1442 1095 coenobii,
1466 1017 1520 1097 qui
1544 1033 1621 1080 eon·

377 1119 511 1201 scripsit
533 1119 699 1186 historiam
724 1119 974 1201 pulcherrimam
1010 1120 1050 1184 de
1081 1117 1261 1184 Pannonia'
1289 1119 1464 1200 provincio,
1497 1121 1528 1184 in
1558 1139 1624 1202 qua

378 1224 496 1290 multae
518 1225 621 1289 utiles·
638 1231 673 1290 et
694 1243 757 1290 non
782 1225 885 1289 minua
909 1223 1123 1290 delectabiles
1154 1223 1234 1289 iecit
1266 1225 1494 1306 digressiones,
1528 1241 1622 1306 prone

378 1329 463 1394 idem
493 1329 636 1412 loquitur
657 1330 696 1394 de
720 1329 902 1411 Charybdis
925 1336 1051 1394 natura.
1094 1330 1169 1410 Ipse
1192 1329 1277 1394 enim
1304 1327 1452 1409 affirmat,
1476 1329 1518 1394 de
1542 1329 1623 1394 Pau·

378 1437 477 1500 nonin
499 1435 605 1500 exisse
629 1453 696 1513 eos,
719 1436 772 1515 qui
797 1435 984 1499 invaserunt
1006 1433 1134 1499 Italiam
1158 1433 1335 1516 permissu³
1355 1435 1450 1500 Narsi
1480 1435 1619 1518 patricii,
1659 1435 1690 1481 1⁰

373 1547 504 1623 gentem
527 1539 763 1606 ferocissimam
787 1547 821 1606 et
850 1541 919 1606 Deo
943 1539 1114 1622 inimicam,
1148 1539 1204 1622 qui
1235 1545 1311 1606 tunc
1349 1539 1506 1622 appellati
1540 1545 1619 1604 sunt

373 1643 597 1728 Longobarbi⁴
618 1663 638 1710 a
659 1645 755 1726 longa
775 1645 885 1721 barba,
910 1663 994 1712 nuuc
1017 1651 1126 1712 autom
1150 1650 1468 1728 vocanturcorrupte
1492 1645 1619 1726 Longo·

374 1747 478 1827 bcrdi,
515 1755 641 1814 mutata
673 1749 770 1816 litero
793 1750 819 1814 D
843 1768 901 1832 pro
926 1749 961 1814 B.
1020 1751 1185 1815 Pannonia
1219 1767 1295 1816 vero
1326 1767 1365 1816 cx
1399 1769 1438 1815 eo
1472 1755 1619 1832 tempore

376 1851 541 1919 nominata
577 1861 630 1920 est
662 1853 838 1938 Hungaria.
872 1873 936 1936 quo
971 1875 1042 1920 eam
1076 1852 1314 1938 quodammodo
1347 1853 1378 1919 vi
1414 1859 1620 1919 extorserunt

377 1955 480 2022 Hunii
502 1977 521 2022 a
543 1957 905 2041 Constantinopolitano
928 1961 1133 2040 imperatore,
1166 1961 1220 2041 qui
1244 1966 1280 2024 ut
1302 1965 1469 2025 cessarent
1489 1978 1508 2023 a
1532 1941 1619 2041 rapi·

377 2063 462 2144 pinis
487 2070 521 2128 et
543 2065 726 2130 vastatione
749 2065 837 2144 regni
861 2066 920 2143 aui,
942 2067 1061 2130 inritus
1083 2064 1168 2142 licet,
1193 2063 1328 2127 tradidit
1349 2064 1396 2128 eis
1419 2063 1618 2146 provinciam

379 2169 546 2234 translatis
586 2168 666 2234 alio⁶
702 2169 865 2250 prioribus
899 2169 1163 2236 habitatoribusi.
1218 2168 1278 2232 Isti
1310 2167 1405 2247 Huni,
1438 2174 1475 2254 ut
1507 2168 1619 2234 scribit

450 2421 801 2491 'maildubiensis
839 2423 919 2480 Ἀθ.
942 2429 1080 2480 Pannoniae
1098 2425 1129 2478 K.
1169 2423 1394 2496 'rcttutiKog
1420 2431 1450 2480 A.
1472 2431 1618 2495 portinianum

379 2515 627 2580 AS.Klilioeggor:
647 2533 742 2582 nempe.
769 2513 998 2581 ‘ahongohardi
1019 2519 1077 2568 All.
1114 2511 1195 2568 ὁΒΚ.
1215 2517 1298 2568 Hurrni
1320 2521 1352 2568 A.
1385 2514 1623 2569 ‘retrotaiSubm

377 2605 434 2654 aliis
452 2605 530 2656 ΑΚΒ,
568 2601 578 2630 ¹
597 2605 649 2656 ΑΒ.
669 2607 866 2658 habitationibus
885 2607 910 2656 K

381 2832 449 2892 sito.
494 2831 528 2890 In
553 2851 588 2890 eo
611 2831 691 2890 freto
716 2837 763 2889 est
786 2833 930 2910 scopulus
954 2831 1072 2907 Scyllae,
1095 2834 1167 2890 item
1191 2829 1358 2904 Chnrybdin
1382 2849 1463 2886 rnnro
1488 2833 1615 2888 uertico-

382 2958 457 3008 sum,
481 2938 569 2996 ambo
593 2937 676 2996 clara
698 2939 825 2996 saevitia.

468 3047 495 3102 5.
541 3035 679 3118 Genesis]
705 3043 737 3101 (i.
762 3043 826 3113 Vll,
850 3063 876 3100 v.
905 3045 952 3100 ll.

468 3151 495 3207 d.
541 3149 652 3206 Paulus
689 3177 727 3186 -
762 3148 799 3204 de
833 3145 999 3220 Charybdis
1035 3139 1156 3216 natura]
1194 3143 1248 3202 cir.
1286 3143 1371 3202 Pauli
1405 3143 1544 3214 Diacoui,
1586 3147 1623 3203 de

384 3256 480 3334 gestis
503 3253 775 3330 {longobardorum
799 3253 821 3322 Ι,
847 3253 878 3308 o:
922 3249 987 3306 Noc
1011 3249 1085 3304 satis
1109 3249 1216 3322 procul
1241 3249 1278 3306 ab
1302 3250 1358 3307 boc
1383 3248 1420 3305 de
1455 3269 1515 3326 quo
1547 3271 1622 3326 prun·

383 3363 519 3420 misimus
542 3359 632 3417 litore
658 3349 928 3434 [otsenndinavia]
955 3357 1060 3411 contra
1077 3351 1296 3410 occidentalem
1321 3359 1449 3429 partem,
1476 3355 1537 3430 qub
1560 3359 1625 3413 sine

384 3465 443 3524 fine
456 3485 603 3523 oceanum
615 3464 743 3539 pelagus
757 3465 852 3537 patet,
862 3457 1102 3536 profundissima
1115 3476 1261 3532 uquarum
1276 3458 1327 3516 ilia
1340 3477 1452 3534 vorago
1466 3465 1522 3535 est,
1536 3479 1625 3536 quam

287 3566 291 3574 ’
384 3573 498 3629 usitato
523 3571 642 3628 nomine
671 3570 761 3625 maris
795 3563 970 3622 umbilicum
1006 3581 1158 3634 vocamus,
1193 3581 1260 3638 quae
1294 3563 1395 3622 bisin
1431 3563 1479 3620 dio
1514 3563 1625 3622 fluctus

385 3675 550 3734 absorbere
575 3679 606 3731 et
628 3689 747 3730 rursum
776 3687 913 3728 evomere
938 3667 1059 3738 dicitur,
1085 3671 1164 3725 sicut
1187 3689 1244 3743 per
1274 3669 1416 3725 universa
1449 3665 1502 3724 ille
1534 3669 1640 3752 litora

386 3779 602 3840 accedentibus
634 3775 659 3834 o
693 3773 908 3834 recedentibus
941 3771 1095 3844 fluctibus,
1132 3773 1288 3830 celeritate
1320 3773 1411 3829 nimia
1443 3773 1511 3830 sieri
1547 3793 1625 3830 com·

385 3883 543 3961 probetur.
597 3880 777 3954 Hujusmodi
799 3897 913 3954 vorago
938 3880 1000 3937 sive
1035 3881 1151 3953 vertigo
1175 3896 1193 3933 a
1215 3883 1307 3952 poeta
1329 3875 1454 3951 Virgilio
1493 3875 1626 3950 Charyb-

387 3987 434 4046 dis
476 3985 667 4064 appsllatur,
707 4005 796 4061 quam
829 3985 881 4042 ille
911 3985 945 4041 in
975 3983 1056 4040 freto
1099 3982 1202 4040 Siculo
1237 3999 1305 4039 esse
1341 3999 1397 4038 auo
1427 3981 1457 4038 in
1493 3983 1625 4040 carmine
1744 4025 1748 4036 .

385 4091 523 4168 loquitur
546 4099 603 4148 etc.

476 4197 522 4253 12.
567 4185 776 4270 Longobardi]
801 4196 855 4252 cir.
879 4194 992 4252 Paulus
1014 4193 1037 4264 Ι,
1061 4193 1096 4250 9:
1121 4189 1243 4249 Cer-tum
1267 4194 1315 4247 est
1333 4187 1564 4264 Langobardos,
1588 4189 1625 4248 nb

386 4303 509 4358 intactae
532 4299 738 4358 ierro'bnrbae
761 4299 962 4375 longitudino,
991 4317 1057 4356 curn
1091 4297 1231 4372 primitus
1266 4295 1356 4354 Uiniii
1395 4294 1468 4351 dicti
1500 4295 1624 4365 inerint,

387 4407 430 4463 ite
453 4404 645 4480 postmodum
670 4407 852 4482 appellatos,
886 4425 953 4462 narn
972 4407 1061 4476 juxto
1096 4400 1216 4458 illorum
1252 4399 1382 4472 linguem
1407 4399 1471 4471 iurrp
1493 4397 1624 4474 longum,

388 4509 460 4568 baert
481 4508 605 4566 barbam
630 4509 789 4586 significat.
