3668 5348
387 372 428 436 ui
805 365 1180 422 monnrmnounom

386 554 451 634 igni
473 553 694 620 incenderunt.
741 553 788 618 Ab
818 553 900 634 ipsis
935 561 1052 636 postes
1085 571 1156 618 enm
1191 553 1380 620 obsiderent
1402 553 1622 635 Agrippinum,

385 678 458 742 quae
480 659 579 724 modo
602 655 736 722 Colonia
757 657 884 738 dicitnr,
906 657 1115 739 martyrisato
1132 661 1186 723 est
1201 657 1300 724 boeto
1310 657 1430 725 Ursulo
1450 656 1515 722 iilis
1538 657 1624 738 regis

385 765 568 830 Brittonum
591 762 773 827 cumomni
797 763 953 828 comitutu
974 777 1033 827 suo
1056 763 1227 843 utriusque
1250 779 1348 828 serus
1368 779 1462 845 prone
1484 759 1623 826 incredi-

385 867 441 934 bili
464 866 681 932 multitudine.
726 865 797 944 Quo
821 865 946 932 scelere
968 869 1108 949 petrsto,
1141 867 1226 932 uersi
1261 873 1337 933 suut
1359 867 1437 932 ilico
1468 865 1622 930 divinitus

384 975 417 1038 ln
439 971 547 1052 iugum
568 977 604 1036 et
624 970 764 1038 liberere
785 975 838 1036 est
859 971 972 1036 eirites
1004 969 1128 1035 meritis
1157 970 1421 1037 beetioeimerum
1452 971 1621 1050 virginum.
1658 981 1673 1027 o

385 1077 655 1158 completumque
676 1079 729 1140 est
749 1077 782 1140 in
803 1077 860 1156 eis,
884 1076 970 1157 quod
994 1075 1154 1158 scripturo
1183 1075 1277 1141 dicit:
1310 1073 1438 1156 Fugit
1470 1073 1622 1156 impius

384 1181 548 1246 nemine
580 1185 880 1262 persequente,
909 1181 1048 1247 etitem
1082 1180 1162 1244 illud
1190 1179 1387 1262 psalmistes:
1424 1179 1484 1244 lbi
1518 1179 1622 1245 ceei-

385 1288 535 1352 derunt
570 1285 637 1366 qui
666 1285 958 1367 operabantur
978 1285 1260 1365 iniquitatem,
1284 1283 1330 1367 [in
1352 1284 1449 1350 eorde
1472 1283 1621 1362 seilicet,¹

384 1390 546 1472 expulsi
569 1395 666 1454 sunt
686 1407 758 1454 nee
779 1393 1006 1471 potuerunt
1029 1393 1155 1455 sture.
1274 1431 1279 1438 -

384 1659 461 1742 Cep.
484 1633 599 1722 XVIII.
645 1656 739 1734 Quod
760 1657 878 1724 beatus
900 1658 1021 1724 Olevus
1043 1656 1272 1740 repatriaverit
1305 1659 1340 1720 et
1372 1655 1417 1746 de⁴
1447 1673 1619 1736 corporum
1655 1653 1687 1698 ¹⁰

770 1761 984 1826 humanorum
1005 1759 1243 1826 diminutionel.

466 1960 614 2026 Kenntus
636 1977 712 2041 ergo
734 1977 790 2026 rex
811 1960 937 2040 dugliae
959 1966 996 2028 ιιι
1018 1961 1171 2041 cognorit
1191 1959 1359 2026 interitum
1385 1959 1535 2028 Hauoner
1561 1977 1618 2024 ne·

381 2065 468 2146 potis
497 2063 558 2141 sui,
587 2063 661 2129 ilico
696 2065 784 2129 misit
816 2065 1014 2132 Susinonem'
1042 2063 1142 2132 filiurn
1176 2083 1272 2130 suurn
1301 2067 1341 2132 ed
1375 2063 1618 2146 gubernandum

381 2185 515 2248 regnum
547 2166 725 2248 Noruugiae
756 2168 918 2250 simulque
950 2169 1170 2236 resistendum
1204 2167 1317 2248 Olore,
1352 2169 1380 2234 si
1413 2169 1446 2233 in
1479 2169 1619 2250 petrium

381 2271 487 2338 redire
509 2271 708 2352 disponeret.
753 2272 915 2338 Oinielix
944 2279 978 2338 et
1004 2273 1210 2355 inexplebilis
1231 2274 1393 2355 eupidites
1416 2271 1615 2338 mortalium!
1654 2287 1685 2332 ιι

382 2375 567 2443 Omultum
590 2376 712 2442 misere
732 2377 873 2442 humens
894 2377 1015 2444 enimn!
1050 2395 1122 2458 quse
1155 2381 1276 2457 quento
1310 2377 1413 2458 mugio
1441 2379 1564 2458 sparsit
1582 2394 1619 2442 se

381 2480 413 2544 iu
436 2478 576 2546 risibilis
596 2480 661 2546 iste
682 2485 717 2546 et
738 2480 870 2546 dilutet⁸
890 2481 922 2548 in
944 2479 1079 2562 fiqirrem
1102 2481 1198 2563 hujus
1221 2481 1341 2560 mundi,
1364 2499 1437 2562 qum
1463 2481 1618 2563 proterit,

381 2589 473 2649 tento
497 2581 660 2650 dllfieilius
683 2591 760 2665 post
783 2585 866 2650 hono
898 2587 997 2652 vitem
1031 2584 1231 2664 recolligitur
1253 2589 1287 2650 et
1308 2603 1328 2650 s
1350 2587 1430 2664 Deo,
1453 2587 1507 2666 qui
1541 2603 1619 2651 vere

380 2685 574 2752 sufficientia
596 2693 656 2768 est,
679 2689 848 2754 sileuetur.
891 2689 963 2756 Hoo
984 2691 1018 2756 ln
1039 2687 1171 2754 Kenuto
1196 2689 1277 2756 setis
1297 2705 1467 2771 superque
1500 2689 1617 2770 elucet,
1707 2746 1710 2752 .
1814 2689 1823 2738 Ι

380 2791 435 2871 qui
467 2807 540 2855 oum
573 2791 636 2858 duo
669 2809 770 2872 reguo
801 2794 996 2873 possideret,
1023 2794 1155 2858 tertium
1182 2791 1377 2874 justissimo⁴
1410 2793 1480 2872 regi
1503 2792 1615 2873 Olevo,
1651 2803 1685 2850 oo

380 2893 466 2973 quod
489 2893 534 2958 illi
558 2913 598 2960 ex
619 2896 707 2963 evita
728 2896 936 2962 successione
959 2893 1150 2974 debebatur,
1172 2895 1305 2962 molitur
1327 2897 1464 2979 eripere.
1499 2897 1617 2964 olavus

379 2997 490 3078 itoque
510 3002 548 3062 ut
569 2997 673 3064 fertur
694 3000 878 3066 admonitus
899 2998 933 3065 in
954 2999 1077 3066 somnis
1100 2999 1207 3066 redire
1231 3019 1302 3066 eum
1316 3007 1467 3082 oportere
1489 3001 1523 3066 in
1538 3000 1618 3066 Nor·

449 3218 528 3274 ¹SA.
554 3223 577 3274 Α
603 3233 686 3275 sotter
707 3227 775 3276 diere
792 3225 844 3276 Ord
869 3227 1035 3288 umanum,
1062 3241 1097 3290 og
1123 3225 1286 3276 nerlenuuder
1302 3235 1386 3276 eluar:
1412 3227 1541 3289 glossema
1565 3235 1616 3282 eet;

379 3309 439 3360 ilrke
456 3319 567 3376 optoque
584 3313 591 3359 i
610 3313 645 3364 K.
696 3309 708 3339 ¹
733 3313 793 3367 ΔΚ.
820 3315 993 3366 deminutione
1011 3313 1036 3366 S.
1090 3309 1101 3340 ⁸
1127 3312 1180 3364 AS.
1199 3312 1314 3362 dlluterit
1331 3312 1363 3362 II.
1415 3308 1426 3338 ⁴
1454 3314 1513 3364 ΔΚ.
1528 3314 1617 3376 justis·

378 3400 469 3448 simum
488 3395 513 3446 S.

464 3587 491 3642 3.
535 3585 696 3664 utriusque
721 3577 826 3664 sexus]
849 3587 941 3645 Dotte
954 3587 1061 3664 Titloeg
1078 3587 1166 3659 riser,
1183 3591 1214 3644 st
1226 3585 1311 3644 Forf.
1334 3585 1486 3644 refer-orer
1500 3583 1617 3662 Legen-

379 3688 436 3746 den
461 3708 509 3747 om
530 3689 642 3749 Ursule
664 3690 822 3749 ostenden
844 3691 945 3764 Pom,
970 3713 1034 3752 som
1058 3691 1198 3750 dsunede
1221 3693 1270 3767 sig
1291 3689 1369 3776 efter
1388 3689 1615 3766 GrevnIngerne

377 3793 437 3850 ved
458 3793 538 3859 Kplu
563 3794 642 3852 1155
667 3787 715 3867 (0.
740 3793 867 3868 Sohede,
890 3795 948 3854 Die
972 3795 1049 3872 Sego
1073 3815 1131 3854 von
1154 3795 1210 3854 der
1230 3795 1260 3853 h.
1283 3791 1403 3868 Ursulo,
1427 3795 1457 3852 S.
1482 3789 1590 3866 lum).

454 3899 489 3954 ’6.
535 3885 701 3974 scripture]
725 3897 869 3958 Proverb.
891 3897 1027 3970 XXVIII,
1053 3903 1066 3957 l
1091 3891 1320 3974 (JIIirohmenn)

463 4001 491 4056 7.
535 3993 708 4078 psalmisto]
737 4001 847 4061 Pselm.
868 4001 988 4072 XXXV,
1012 4004 1068 4060 13:
1091 4001 1138 4061 Ibi
1160 4003 1345 4076 oeciderunt,
1370 4003 1422 4080 qui
1446 4005 1616 4080 operentur

375 4103 583 4180 iniquitutem:
608 4106 728 4182 expulsi
751 4111 822 4165 sunt
844 4126 900 4164 neo
922 4109 1091 4183 potueruut
1114 4111 1210 4165 sture.

463 4210 510 4267 12.
554 4199 708 4286 Ksnutus]
732 4211 786 4268 oIr.
799 4189 897 4287 Igrip
910 4211 950 4268 48
963 4210 1072 4287 ogleg.
1087 4209 1166 4288 Sego
1189 4211 1243 4270 Ii:
1267 4209 1313 4270 En
1332 4211 1476 4270 orIInntr
1494 4211 1542 4270 fre
1561 4209 1613 4286 pot

376 4301 423 4385 (ee
437 4309 466 4370 S.
481 4311 529 4384 31,
542 4305 635 4387 Note)
649 4312 686 4388 bo
698 4317 778 4372 setti
790 4314 871 4373 hunn
884 4315 975 4373 Sosio
988 4333 1043 4374 sun
1058 4317 1124 4373 sinn
1138 4333 1173 4374 oo
1185 4313 1284 4375 Alfiuo
1295 4316 1402 4392 molior
1413 4315 1491 4374 huns
1504 4315 1514 4374 i
1527 4315 1610 4374 rikit.

460 4417 509 4475 22.
554 4409 739 4494 edmonitus]
764 4418 819 4477 ofr.
841 4417 1006 4493 Legeuden
1026 4417 1050 4492 1,
1075 4421 1108 4478 8:
1134 4419 1236 4478 divino
1258 4421 1428 4496 inspiretur
1446 4421 1611 4492 instinotn3

374 4517 433 4594 leg.
451 4517 531 4598 Sego
553 4523 608 4580 us:
631 4520 713 4579 henn
736 4521 825 4598 ssgde
849 4521 936 4598 posim
958 4525 991 4581 et
1015 4540 1051 4582 su
1075 4521 1212 4598 tilvisiug
1226 4523 1321 4582 hsevir
1338 4523 1404 4582 firir
1419 4523 1499 4583 honn
1517 4523 1616 4584 komit

310 4621 314 4628 '
372 4625 405 4680 et
425 4622 505 4682 hsnn
529 4623 634 4684 skilldi
653 4621 742 4684 husim
763 4623 830 4684 fere
849 4625 885 4684 til
907 4625 1040 4685 Noreks.
