3622 5344
253 271 430 346 'aso

369 469 539 531 reuertere
573 463 615 529 ad
646 462 782 530 daciam.
813 464 891 546 quia
920 464 978 530 libi
1006 483 1158 533 coronam
1187 463 1335 548 spineam
1365 462 1550 546 preparaui.
1574 467 1611 532 et

370 571 417 636 sic
452 588 524 636 cum
552 570 670 652 gaudio
698 568 741 635 ad
770 585 820 634 me
844 569 978 635 ueniens
1001 573 1140 652 recipies
1163 591 1183 636 a
1203 589 1255 636 me
1278 569 1462 636 mercedem
1483 565 1608 633 laboris

367 674 426 740 tui.
483 673 643 741 Conciues
671 694 709 740 ac
737 673 879 738 consocii
909 674 957 738 tui
982 680 1015 740 te
1037 676 1070 740 in
1097 695 1198 758 regno
1223 657 1295 740 meo
1319 692 1391 739 cum
1414 671 1533 754 gaudio
1555 691 1608 738 ex·

368 783 512 862 pectant.
557 779 630 845 Noli
653 781 767 844 timere
789 780 864 861 quia
887 785 994 844 tecum
1019 799 1100 844 sum.
1126 786 1160 846 et
1181 781 1213 845 in
1236 786 1293 845 tuo
1317 779 1464 844 martirio
1486 784 1521 843 te
1545 795 1608 843 non

370 884 532 950 deseram.
556 902 595 950 ex
618 902 682 966 qua
704 883 830 949 cisione
853 885 904 948 uir
925 885 979 948 dei
1002 884 1138 950 multum
1167 885 1322 967 gaudens.
1357 885 1396 948 ad
1427 882 1552 948 daciam
1575 887 1609 947 et
1667 893 1685 936 ⁵

369 990 563 1070 norwegiam
597 989 704 1054 rediit.
728 993 762 1055 et
783 1006 820 1053 se
841 995 959 1071 sponte
981 994 1116 1072 propter
1137 990 1293 1056 christum
1316 994 1495 1054 amatorem
1517 1005 1609 1053 suum

370 1094 516 1159 martirio
539 1093 680 1159 subiecit
715 1093 856 1158 Veniens
892 1111 967 1174 ergo
1000 1094 1041 1158 ad
1063 1095 1198 1160 daciam.
1231 1093 1430 1176 precedente
1452 1093 1506 1158 die
1527 1111 1609 1158 mar·

371 1197 437 1264 tirii
465 1198 517 1263 sui
548 1196 699 1264 dominus
727 1198 843 1263 Ibesus
874 1199 904 1264 ei
928 1199 959 1262 in
981 1204 1079 1264 noete
1103 1201 1262 1282 apparuit.
1286 1198 1409 1266 dicens.
1453 1197 1608 1263 Oolaue.

371 1303 462 1385 aperi
489 1303 601 1368 oculos
632 1307 715 1368 tuos.
747 1310 781 1369 et
813 1303 941 1385 respice
973 1305 1134 1385 superius.
1190 1304 1253 1382 Qui
1281 1321 1410 1370 sursum
1435 1303 1610 1386 respiciens

372 1408 455 1473 uidit
487 1406 609 1474 scalam
637 1407 888 1490 pulcherrimam
923 1407 963 1474 de
991 1409 1063 1474 celo
1092 1409 1274 1490 depositam
1302 1426 1406 1490 usqne
1429 1409 1470 1472 ad
1492 1415 1609 1474 terram
1652 1427 1683 1468 ro

372 1519 407 1581 et
430 1512 666 1580 descendentes
690 1513 822 1595 angelos
850 1531 922 1578 cum
952 1513 1139 1579 dulcissimo
1167 1515 1305 1580 cantico.
1326 1518 1497 1595 pertentes
1518 1530 1609 1578 coro·

374 1636 432 1686 nas
454 1617 573 1684 rubeas
596 1618 636 1684 de
659 1620 745 1684 rosis
768 1619 925 1684 dicentes.
970 1618 1042 1684 Hiis
1065 1619 1149 1683 rosis
1174 1618 1384 1684 coronabitur
1406 1635 1461 1683 rex
1483 1623 1518 1684 et
1539 1635 1611 1683 con·

374 1723 455 1790 ciuis
483 1727 597 1789 noster
625 1723 759 1790 Olauus.
805 1725 848 1788 Et
877 1723 1017 1789 cbristus
1048 1727 1112 1807 ayt.
1168 1723 1260 1790 Hanc
1291 1722 1412 1789 scalam
1447 1723 1612 1789 carissime

378 1827 481 1895 Olane
504 1846 576 1893 cum
599 1829 724 1895 cantico
745 1828 931 1910 angelorum
954 1830 1037 1895 rosis
1060 1827 1196 1894 martirii
1216 1833 1399 1894 coronatus.
1422 1833 1526 1893 matre
1542 1844 1613 1892 mea

375 1931 590 1998 dilectissima
624 1940 658 1999 te
692 1952 763 1999 cum
798 1934 947 2000 omnibus
972 1932 1084 2000 electis
1107 1934 1189 2000 meis
1213 1938 1416 2015 expectante.
1441 1947 1512 1997 oras
1534 1930 1614 1996 bora
1652 1944 1683 1989 rs

373 2055 460 2104 nona
491 2038 660 2104 ascendes.
715 2038 805 2105 Tunc
838 2045 971 2106 sanetus
1006 2038 1121 2104 olauus
1154 2037 1352 2105 benedicens
1383 2036 1490 2103 deum.
1524 2035 1613 2100 dixit

379 2142 570 2210 benedictus
599 2161 634 2209 es
663 2149 701 2208 tu
721 2143 850 2212 domine
874 2145 917 2209 mi
938 2143 1124 2210 dulcissima
1146 2142 1252 2210 Jbesn
1275 2142 1395 2209 cbristo
1417 2142 1472 2224 qui
1494 2158 1546 2206 me
1567 2139 1615 2205 in·

276 2275 278 2278 ·
376 2247 510 2331 dignum
543 2246 697 2314 tamaium
731 2254 822 2315 tuum
856 2249 898 2314 ad
931 2253 1055 2315 tantam
1089 2247 1225 2329 gloriam
1257 2265 1375 2313 uocare
1405 2246 1557 2327 dignatus
1579 2261 1615 2312 es

375 2353 520 2420 Audiam
542 2359 653 2421 autem
675 2372 847 2436 germanus
871 2355 941 2421 eius
965 2371 1037 2419 cum
1055 2352 1187 2418 Kanuto
1211 2357 1246 2418 et
1266 2351 1339 2418 aliis
1361 2352 1429 2418 suis
1453 2348 1616 2432 eomplici-

374 2458 437 2526 bus
470 2455 547 2524 filiis
581 2459 764 2542 iniquitatis
796 2459 974 2527 aduentum
1008 2459 1097 2524 beati
1127 2456 1232 2524 Olaui.
1255 2457 1446 2540 preparauit
1466 2472 1616 2536 magnam
1655 2475 1687 2518 so

378 2581 506 2630 crucem
528 2582 566 2632 ae
589 2566 737 2647 spineam
760 2582 911 2631 coronam
936 2569 970 2630 et
995 2563 1026 2629 ei
1047 2563 1185 2628 silenter
1206 2580 1280 2628 cum
1301 2567 1499 2628 armatorum
1523 2577 1618 2625 maan

378 2668 534 2736 obuiauit.
568 2675 603 2736 et
635 2671 742 2752 ipsum
776 2670 936 2736 uiolenter
969 2669 1109 2750 capiens.
1144 2669 1183 2734 ad
1218 2685 1313 2732 suum
1343 2665 1504 2749 palacium
1527 2665 1619 2730 duxit

377 2773 489 2842 dicens
513 2775 553 2840 ei.
608 2775 742 2858 Abnega
776 2775 933 2840 christum
966 2778 1058 2838 tuum
1094 2778 1128 2839 et
1159 2790 1278 2839 nomen
1311 2772 1381 2837 eius
1414 2770 1616 2852 blasphema.

377 2878 431 2945 nel
464 2878 499 2943 in
530 2880 601 2946 eius
637 2881 729 2961 signo
763 2881 867 2946 crucis
902 2878 1124 2960 suspenderis.
1180 2877 1239 2942 Oui
1266 2875 1477 2942 beatissimus
1498 2874 1618 2940 Olenos

376 2984 556 3066 respondit.
602 2984 795 3051 Maledictus
818 2991 854 3049 tu
883 2989 918 3049 et
940 2983 1106 3048 adiutores
1134 2981 1192 3047 tui.
1217 2989 1251 3048 et
1272 2999 1389 3046 nomen
1412 2979 1534 3046 domini
1555 2981 1618 3046 mei
1655 2991 1686 3036 ²⁵

377 3088 481 3156 Jhesu
504 3088 617 3156 christi
640 3090 683 3155 sit
705 3089 913 3156 benedictum
937 3089 970 3154 in
993 3087 1115 3154 secula.
1160 3087 1250 3153 Tune
1272 3087 1390 3169 pagani
1413 3085 1520 3166 ipsum
1543 3103 1618 3150 exu-

380 3199 472 3260 entes
495 3192 612 3260 laciem
636 3195 706 3260 eius
726 3194 891 3261 uelabant.
926 3199 959 3258 et
982 3193 1023 3258 ad
1046 3192 1193 3257 maxillas
1216 3192 1440 3274 percutientes
1463 3189 1618 3256 dixerunt.

378 3297 554 3366 Maledicte
573 3319 629 3366 res
646 3301 848 3383 prophetisa.
867 3299 990 3380 quista
1010 3297 1181 3380 percussit
1212 3295 1292 3361 Post
1308 3295 1371 3360 hec
1383 3312 1534 3360 eoronam
1553 3293 1618 3377 spi·

378 3423 474 3470 neam
497 3406 597 3488 capiti
620 3406 690 3471 eius
714 3407 953 3487 impresserunt
975 3421 1078 3484 usque
1101 3401 1140 3468 ad
1164 3400 1341 3467 cerebrum.
1365 3401 1412 3464 ita
1434 3398 1523 3481 quod
1544 3415 1618 3464 san·

379 3509 451 3590 guis
482 3527 542 3591 per
575 3510 723 3576 maxillas
755 3511 825 3576 eius
856 3507 991 3574 defluxit
1021 3513 1055 3572 et
1081 3510 1246 3588 sceptrum
1270 3505 1302 3570 in
1326 3523 1422 3571 manu
1444 3521 1504 3570 sua
1527 3502 1618 3568 dede
1654 3509 1685 3554 ³⁰
1781 3511 1786 3574 l

378 3619 463 3680 runt.
498 3619 532 3680 et
564 3615 737 3683 induentes
771 3634 845 3681 eura
879 3618 972 3679 ueste
1000 3611 1100 3692 regali
1123 3609 1282 3676 dixerunt.
1329 3609 1413 3675 Ecce
1437 3608 1543 3690 qualis
1565 3625 1619 3673 rex

380 3727 433 3786 est
457 3720 541 3788 iste?
583 3721 706 3786 Postea
728 3739 805 3786 uero
829 3722 932 3802 ipsum
954 3717 1178 3800 imposuerunt
1201 3721 1235 3781 et
1256 3716 1439 3795 ligaueruuo
1459 3713 1493 3777 in
1516 3730 1618 3779 cruce.

378 3825 413 3891 in
440 3845 505 3908 qua
535 3845 607 3892 oum
636 3826 784 3890 maximis
816 3823 983 3890 doloribus
1006 3821 1111 3887 tribus
1141 3820 1232 3886 horis
1255 3818 1422 3902 pendebat
1444 3835 1540 3884 orans
1562 3833 1619 3899 pro

381 3931 451 3997 suis
484 3929 729 3998 crucifixoribus
765 3930 814 4015 [et
846 3927 1081 3996 mercatoribus
1108 3943 1197 3992 mare
1221 3923 1473 3990 transeuntibus.
1497 3921 1553 4004 qui
1575 3920 1621 4003 ip·

381 4054 452 4103 sum
486 4037 519 4103 in
546 4037 698 4120 perieulis
722 4037 900 4102 inuocant¹.
952 4033 995 4098 Et
1016 4032 1064 4096 sio
1086 4031 1166 4096 hora
1187 4047 1271 4095 nona
1294 4027 1490 4094 leriasexta
1513 4037 1620 4110 quarto
1656 4039 1686 4085 aa
1785 4011 1786 4052 Τ

379 4151 529 4212 kalendas
560 4151 692 4228 augusti.
724 4169 802 4208 carno
836 4149 995 4207 millesimo
1029 4145 1175 4203 uicesimo
1205 4145 1315 4201 octauo
1344 4141 1382 4200 ab
1411 4141 1620 4199 incarnatione

382 4255 496 4317 domini
529 4248 590 4314 deo
625 4247 775 4330 spiritum
814 4245 958 4311 tradidit.
1000 4243 1111 4307 dicens
1151 4241 1188 4306 In
1227 4255 1339 4304 manns
1377 4243 1451 4303 tuas
1492 4235 1621 4302 domine

452 4487 461 4517 ¹
488 4493 515 4540 et
539 4504 586 4553 pro
621 4489 805 4540 mercatoribus
836 4499 905 4537 mara
936 4481 1135 4542 transeuntibus,
1171 4480 1214 4544 qui
1247 4479 1331 4543 ipsum
1357 4479 1383 4527 iu
1409 4475 1531 4542 perieulis
1553 4475 1623 4526 inro-

383 4580 450 4631 cant.
486 4577 553 4629 Ultr.
