3668 5348
354 339 395 402 88
650 323 655 332 '
763 339 933 396 nunonem
957 338 1169 394 noandum.

353 519 455 588 sulec
478 537 611 586 numero
635 520 829 602 plusquam
851 541 933 598 m,
958 537 976 584 a
998 521 1139 602 quodum
1159 517 1441 586 comitaOrabano
1460 514 1590 582 nomine

353 627 487 690 vocata.
533 623 612 700 Qum
636 624 766 705 quidem
792 625 927 690 diversis
950 625 1065 693 ineolis
1087 625 1224 690 accubo
1246 641 1330 690 nunc
1352 623 1384 688 iu
1406 620 1470 686 duo
1492 625 1591 699 'regna

225 809 230 824 „
355 733 432 794 sunt
454 727 580 806 divisae3
604 734 679 791 suut
701 731 785 792 enim
809 730 996 796 meridianae
1019 729 1133 795 insulae
1158 728 1279 808 regulis
1298 727 1490 805 sublimata,
1514 723 1614 790 bru·¹

354 832 456 898 malas
480 849 561 896 vero
579 833 733 898 comitum
755 834 1104 916 praesidiodecoratae,
1128 835 1183 915 oui
1206 833 1335 914 utrique
1358 831 1491 913 regibus
1508 827 1590 894 Nor-

333 937 464 1018 ‘aegia
487 953 551 1002 non
573 937 700 1002 modica
721 937 915 1018 persolvunt
937 935 1067 1006 tributa.
1265 981 1277 1004 .
1472 967 1475 974 λ
1642 941 1658 987 ⁵

694 1138 748 1204 De
777 1138 1059 1206 orchadibus¹
1089 1139 1254 1208 insulis.

403 1337 406 1343 Δ
441 1306 527 1370 Istas
559 1305 684 1369 insulas
717 1305 867 1386 primitus
896 1305 968 1371 Peti
999 1313 1032 1371 et
1060 1305 1156 1388 Papae
1183 1305 1415 1370 inhabitabant.
1468 1302 1592 1367 Horum

356 1409 461 1487 alteri,
485 1409 610 1475 scilicet
631 1409 734 1489 Peti,
757 1427 862 1492 parvo
879 1416 1071 1494 superantes
1093 1429 1258 1494 pygmeos
1280 1409 1556 1475 statuminetruct
1578 1441 1592 1453 ·

355 1513 414 1580 ris²
439 1514 564 1579 urbium
588 1531 725 1594 vespere
749 1521 783 1579 ct
806 1533 899 1580 mone
922 1517 1002 1581 mira
1027 1520 1210 1597 operantur,
1235 1515 1369 1580 meridie
1392 1531 1468 1578 vero
1494 1529 1591 1578 cunc·

357 1620 399 1683 tis
422 1617 543 1684 viribus
566 1616 718 1700 prorsusl
750 1619 899 1684 destituti
929 1622 961 1684 iu
990 1621 1211 1686 subterraneis
1236 1618 1438 1684 domunculis
1460 1633 1527 1698 prae
1550 1616 1591 1679 ti·
1630 1642 1661 1690 ω

358 1739 446 1788 more
468 1721 644 1789 latuerunt.
696 1722 760 1789 Sed
785 1742 824 1790 eo
847 1729 993 1808 tempore
1016 1742 1080 1790 nou
1104 1723 1280 1804 orchadas,
1304 1725 1400 1789 immo
1423 1726 1512 1787 terra
1532 1719 1592 1802 Pe:
1763 1706 1768 1716 ¹

426 1905 434 1937 ¹
453 1909 593 1962 Orcsdibns
613 1910 660 1962 cd.
699 1912 708 1941 ²
731 1913 825 1962 blunch
843 1915 922 1963 delta:
941 1913 966 1962 in
984 1916 1121 1964 structuris.
1158 1909 1274 1979 'prosus
1292 1909 1337 1962 Gd.

444 2085 470 2142 1.
516 2075 687 2161 Orchamus]
712 2104 833 2144 uaevnes
855 2084 916 2146 kun
939 2085 1003 2146 her.
1039 2085 1251 2162 Etpmologien
1269 2102 1358 2162 eynes
1376 2085 1460 2145 leant
1477 2083 1524 2144 lra
1541 2081 1595 2141 det

358 2188 630 2266 engeren-latinam
655 2187 740 2250 Nava
765 2189 924 2266 Orcanepa
947 2187 1072 2262 (Sirene,
1101 2189 1277 2250 Ghrouicler
1301 2190 1335 2250 ol
1353 2190 1405 2248 the
1428 2187 1510 2248 Prata
1534 2187 1595 2249 and

358 2293 447 2353 Soots
469 2291 500 2352 S.
527 2281 608 2366 lati.
631 2269 637 2280 ⁵
1409 2307 1419 2321 ⁸

443 2399 470 2457 2.
517 2398 632 2458 diversi
659 2389 780 2473 incola]
815 2405 847 2444 0²
880 2397 1065 2460 Nordmmnd
1095 2419 1155 2478 psa
1186 2399 1374 2470 Orknberue,
1404 2397 1503 2461 Gaeler
1535 2417 1595 2474 paa

263 2503 266 2510 '
359 2501 545 2562 Sudrdarne.
600 2550 604 2558 .
877 2497 880 2504 “

441 2609 470 2666 4.
516 2607 569 2683 qui
593 2587 739 2684 utrique]
763 2617 793 2654 οἱ
818 2608 1025 2686 Kongarne
1060 2611 1077 2668 i
1099 2609 1273 2678 Sudrosme
1304 2628 1343 2695 eg
1369 2607 1551 2692 darlerne
1584 2609 1595 2666 i

359 2712 554 2783 Orlrndern03
585 2731 632 2770 om
655 2717 687 2770 at
708 2710 871 2788 Kongerne
893 2714 904 2772 i
927 2713 1102 2784 Sudrberne
1125 2713 1240 2776 bctalte
1265 2712 1349 2785 skaa,
1372 2713 1431 2772 ken
1456 2711 1511 2772 der
1532 2711 1595 2770 kun

358 2836 437 2876 reare
469 2817 542 2874 Tala
576 2817 654 2874 altar
690 2817 780 2888 1152,
816 2816 855 2876 ds
888 2817 1015 2884 Gudred
1038 2816 1182 2884 Olaisspn
1213 2818 1290 2893 drog
1311 2818 1348 2877 til
1369 2817 1471 2894 Norge
1493 2818 1543 2878 for
1563 2822 1596 2876 at

358 2921 448 2996 hylde
472 2921 560 2996 Kong
581 2920 655 2994 lnge
678 2917 804 2992 (Muuch
827 2941 853 2991 c,
878 2917 968 2994 autb
1002 2921 1151 2998 muligene
1183 2941 1216 2979 er
1244 2922 1297 2981 det
1326 2941 1437 2995 somme
1461 2921 1594 2982 Forhcld

358 3024 515 3084 indtraadt
533 3025 581 3084 lor
599 3022 822 3102 OrkndJ‘arlene
845 3026 892 3084 lra
919 3028 1006 3094 1150,
1030 3026 1070 3084 da
1090 3025 1243 3102 Rognvsld
1269 3045 1309 3102 og
1330 3027 1443 3086 Harsld
1465 3025 1595 3102 hyldede

358 3122 851 3206 Kougluge(b1unchc,821).
897 3130 965 3206 Dng
991 3131 1119 3192 cmtales
1152 3131 1331 3208 ingensteds
1364 3131 1455 3190 ellare
1478 3130 1595 3190 Tribut.

443 3238 470 3294 8.
515 3226 728 3310 instructuris]
751 3236 940 3294 instructura
962 3255 996 3294 er
1025 3223 1117 3294 nidd.
1147 3237 1237 3296 Form
1260 3237 1308 3296 lor
1330 3241 1494 3306 structura,
1516 3235 1594 3296 fora·

357 3339 493 3399 kommer
515 3339 571 3398 hos
594 3339 695 3398 Isidos
714 3317 754 3414 o'g
773 3339 970 3411 andeneteds,
985 3359 1017 3398 aa
1032 3339 1232 3414 Schuchardt,
1248 3341 1437 3400 Vocaliemns
1459 3339 1512 3398 dea
1526 3339 1596 3400 Vul-

253 3503 256 3509 ,
357 3445 523 3521 garlateine
547 3445 584 3514 11,
610 3445 679 3522 345,
703 3443 834 3514 Rdnsch,
858 3444 987 3522 Vulgata
1009 3445 1072 3506 und
1094 3446 1172 3504 Itala
1195 3446 1225 3504 S.
1248 3449 1286 3506 45
1312 3441 1405 3516 (lidan
1425 3439 1524 3520 bap).
1560 3445 1595 3504 B.

446 3552 493 3607 ll.
536 3554 620 3606 terra
652 3540 810 3625 Petorum]
853 3549 918 3606 sml.
958 3549 1045 3608 Petia
1082 3545 1175 3622 (Saxo
1217 3570 1247 3628 p.
1283 3549 1357 3618 448)
1395 3567 1434 3626 og
1466 3547 1595 3608 Munchs

358 3652 500 3712 Albandl.
523 3652 574 3724 111,
600 3653 667 3710 128.
712 3653 796 3724 „Pati
820 3653 910 3712 iidem
935 3659 1006 3712 eunt
1029 3657 1081 3731 qui
1104 3655 1193 3725 Picti,
1216 3655 1325 3714 incolas
1349 3653 1449 3712 celtici
1473 3659 1596 3730 septen·

358 3756 498 3815 trienniis
522 3760 554 3812 et
584 3757 741 3814 orientalis
773 3757 892 3818 Scotiaa.
950 3759 1040 3832 Quod
1064 3768 1165 3820 autem
1189 3760 1237 3820 hic
1261 3759 1298 3817 de
1321 3758 1463 3816 Pelorum
1487 3759 1597 3834 exigua

359 3865 477 3919 statura
511 3865 541 3918 ei
575 3879 641 3918 cum
664 3865 809 3937 pygmoeis
844 3863 1043 3923 similitudine
1076 3871 1227 3936 narratur,
1262 3866 1369 3922 mirum
1404 3867 1550 3938 quantum
1578 3881 1596 3924 a

359 3963 515 4024 celebrata
538 3964 690 4023 Pictorum
713 3966 874 4026 ferocitate
899 3968 1064 4044 discrepet.
1114 3968 1214 4029 Causa
1236 3987 1307 4026 vero
1331 3971 1497 4046 perspectu
1521 3969 1595 4034 eatis

357 4066 475 4140 facilis3
510 4073 631 4127 exstant
664 4072 743 4128 enim
776 4075 807 4130 in
831 4072 999 4131 Orcadibus
1031 4074 1167 4150 plurimae
1196 4091 1300 4134 aarum
1322 4072 1596 4130 vetustissimarum

359 4171 515 4231 domorum
538 4174 814 4248 subterranearum,
838 4195 914 4253 quas
938 4176 1046 4236 incolas
1070 4177 1167 4236 adhuc
1190 4177 1343 4236 Pictorum
1367 4176 1472 4236 domus
1497 4171 1596 4248 (Hala-

357 4275 643 4350 bousea,Picslrouaar)
668 4280 835 4357 appellant,
860 4299 927 4358 quae
951 4283 1024 4338 eane
1048 4282 1087 4340 ad
1110 4281 1245 4339 sedentis
1269 4284 1363 4356 magia
1388 4301 1476 4358 quam
1500 4283 1614 4366 alreoti'

357 4380 487 4440 hominis
517 4381 708 4444 altitudinem
738 4385 952 4458 accomodata,
988 4405 1092 4444 ansam
1113 4385 1250 4462 prreb'ere
1273 4389 1404 4462 poseant
1425 4387 1523 4444 errori
1544 4385 1595 4445 ab·

358 4485 461 4560 surdo,
485 4485 587 4547 Pictos
619 4489 705 4574 ipsos
735 4489 832 4546 fuisso
861 4509 1027 4566 pygmeos,
1050 4499 1084 4550 ut
1108 4493 1159 4568 qui
1183 4493 1277 4550 erecti
1299 4493 1330 4549 in
1353 4497 1416 4572 tam
1438 4490 1595 4568 deprendis

358 4589 508 4650 meatibus
530 4591 642 4650 vadare
664 4587 823 4669 possent.“
849 4592 891 4651 Μ.
