3654 5336
314 871 425 938 Anno
448 871 493 938 ab
516 871 809 938 incarnatione
831 872 982 938 domini
1006 873 1147 938 nostri
1169 872 1291 939 lhesu
1314 872 1469 940 Christi

227 976 392 1042 hlGlthI
411 975 548 1043 lundata
571 981 625 1044 est
650 978 683 1042 in
716 978 841 1044 honore
875 983 996 1044 sanctae
1030 976 1083 1043 dei
1116 977 1291 1060 genetricis
1324 969 1469 1061 semper-

137 1091 140 1098 *
229 1100 292 1164 que
316 1081 449 1165 virginis
470 1083 582 1150 Mariae
603 1083 736 1149 abbatia
758 1083 791 1148 in
808 1084 975 1156 territorio
997 1081 1204 1166 Berginensi,
1228 1083 1310 1164 loco,
1333 1084 1389 1168 qui
1411 1083 1470 1150 lin-

228 1187 462 1270 gnaNorrensi
485 1187 600 1273 Lysa,
618 1187 734 1254 Latina
756 1177 837 1255 Lux
858 1189 1050 1273 appellatur.
1095 1189 1200 1272 Hujus
1222 1207 1300 1256 vero
1320 1189 1470 1260 coenobii

179 1319 194 1368 s
231 1293 411 1378 [fundator]
450 1293 668 1377 Siverdus,
703 1295 845 1360 virorum
879 1295 1126 1377 insignissimus,
1157 1294 1369 1362 Nomensium
1400 1297 1470 1379 qui·
1548 1315 1555 1328 ·

229 1400 302 1466 dem
324 1399 500 1482 primorum
523 1401 624 1467 nobili
651 1391 806 1486 prosapie
828 1400 994 1480 oriundus,
1016 1400 1227 1484 Berginensis
1249 1420 1326 1468 vero
1348 1401 1469 1484 praesul

229 1503 338 1570 extitit
360 1504 646 1572 eminentissimus.
698 1506 732 1574 Is
754 1511 862 1572 autem
883 1505 960 1572 fidei
982 1523 1046 1572 non
1076 1505 1161 1573 ficte
1189 1507 1298 1574 calore
1328 1524 1469 1590 superno
1513 1526 1519 1539 ·

226 1627 407 1692 resparsus,
435 1611 605 1693 religionis
636 1613 762 1679 sineere
792 1617 924 1695 optator
950 1611 1165 1694 avidissimus,
1199 1617 1307 1680 mente
1330 1631 1469 1696 perpen-

228 1715 308 1781 dens
336 1716 456 1798 sagaci,
489 1715 537 1782 nti
570 1719 619 1785 vir
654 1722 805 1785 suennus
832 1717 1019 1800 ingeniique
1046 1717 1239 1784 sollertioris
1268 1724 1303 1786 ιι
1324 1711 1470 1786 emeritae

161 1823 193 1909 '10
228 1820 385 1900 scientie,
420 1821 566 1888 ordinem
589 1821 744 1890 videlicet
764 1823 992 1890 disterniansis
1017 1823 1239 1892 consonancie
1262 1811 1471 1909 regulamque

226 1925 316 1991 beati
344 1925 517 1993 Benedicti
536 1927 669 1996 -oeteris
702 1945 762 2010 pro
797 1945 865 1994 snae
898 1928 1050 2011 puritatis
1084 1929 1201 1995 merito
1233 1929 1471 2012 proeierendum

226 2030 410 2096 ordinibus:
442 2032 588 2099 evocatis
612 2033 652 2100 dc
676 2034 812 2124 remotis
834 2033 959 2116 angliae
981 2032 1100 2100 finibus
1122 2035 1270 2118 ejusdem
1303 2034 1472 2118 religionis

182 2177 186 2186 ·
225 2136 464 2219 probatissimis
487 2137 676 2218 cultoribus,
707 2139 940 2207 monesterium
963 2139 1142 2221 constituit,
1166 2143 1317 2223 sumptus
1341 2139 1471 2223 delega-

226 2242 283 2323 vit,
313 2243 500 2324 necessaria
526 2243 695 2310 monachis
727 2244 865 2310 eontulit
887 2249 929 2325 et,
963 2245 1050 2328 quod
1073 2246 1192 2312 ceteris
1216 2245 1365 2312 omnibus
1388 2263 1471 2330 prae-

163 2385 193 2433 15
232 2348 331 2429 cellit,
362 2348 480 2415 iratres
514 2347 576 2413 sihi
597 2365 727 2430 semper
754 2348 984 2417 dilectissimos
1013 2356 1047 2417 ιι
1075 2349 1231 2434 singulari
1251 2351 1472 2418 venerationis

226 2454 397 2537 privilegio
431 2452 705 2520 honoratissimos
738 2454 862 2522 habuit.
922 2455 1027 2537 Super
1057 2456 1175 2523 horum
1208 2455 1318 2539 itaque
1352 2455 1472 2522 Christi

228 2575 409 2644 pauperum
437 2555 624 2639 indigentiis
653 2557 703 2624 vir
729 2558 784 2625 ille
806 2558 910 2627 felicis
934 2561 1109 2642 memoriae,
1132 2566 1170 2628 ιιι
1192 2579 1266 2630 cum
1288 2562 1474 2645 reciperent

225 2664 258 2729 in
281 2669 404 2732 aeterna
425 2663 644 2746 tabernacula,
667 2664 863 2747 patrimonia
886 2683 946 2732 sua
969 2683 1032 2732 non
1051 2665 1260 2735 mediocriter
1278 2668 1472 2751 expendens,

227 2769 401 2837 aediiicavit
432 2769 495 2836 sibi
531 2769 662 2836 domum
695 2789 759 2836 uon
789 2787 887 2836 manu
916 2770 1035 2839 iactam
1058 2775 1181 2840 aetema
1202 2773 1236 2840 in
1259 2772 1349 2855 cella,
1376 2792 1472 2856 quam

160 2917 193 2966 ,0
226 2895 288 2943 nec
309 2874 443 2945 flumina
464 2894 524 2944 nee
546 2876 636 2942 venti
660 2875 783 2942 elidere
807 2877 989 2960 quiverunt,
1011 2877 1151 2944 iundata
1174 2878 1260 2946 enim
1283 2883 1355 2946 erat
1377 2895 1474 2962 super

228 2979 353 3047 firmam
375 2986 513 3065 petram.
559 2982 621 3062 Qui
650 2982 748 3064 igitur
776 2982 903 3065 recepit
921 2983 1045 3066 Justum
1068 2983 1101 3049 in
1125 2983 1255 3052 nomine
1274 2985 1365 3068 iusti,
1389 3003 1473 3052 mer-

227 3085 339 3153 cedem
360 3087 442 3170 Justi
464 3086 622 3170 accipiet;
645 3088 722 3168 quia
741 3088 826 3170 quod
839 3088 895 3154 nni
914 3107 952 3156 ex
971 3089 1112 3156 minimis
1133 3089 1214 3156 meis
1232 3088 1367 3171 iacietis,
1391 3090 1471 3156 mihi

184 3277 188 3284 .
226 3191 360 3274 lecistis,
383 3191 463 3258 dicit
480 3191 637 3257 dominus.
683 3192 800 3260 Veniet
818 3193 917 3277 igitur
938 3195 1130 3261 benedictus
1154 3192 1218 3262 iste
1240 3195 1344 3278 patris
1368 3197 1472 3264 omni·

225 3298 371 3380 potentis
393 3303 426 3363 ιι
449 3297 591 3380 accipiet
612 3316 756 3380 regnum,
780 3299 868 3380 quod
890 3299 952 3365 sibi
974 3305 1197 3382 preparatum
1220 3305 1272 3368 est
1291 3301 1331 3367 ah
1348 3301 1472 3382 origine

1567 867 1656 964 sss(

158 3427 191 3475 ae
225 3401 346 3468 mundi.
390 3399 594 3469 Esnrivimns
617 3402 701 3470 enim
726 3408 759 3471 et
782 3404 874 3472 dedit
894 3405 991 3471 nohis
1014 3404 1221 3486 manducare,
1253 3406 1414 3473 sitivimus
1438 3412 1472 3472 ct
1601 3428 1606 3442 ¹

226 3506 317 3574 dedit
338 3509 432 3576 nohis
454 3515 578 3592 potum,
602 3508 750 3591 hospites
768 3506 888 3575 fuimus
909 3515 942 3577 et
965 3510 1099 3592 collegit
1114 3528 1184 3578 nos.
1228 3511 1307 3594 Nos,
1325 3511 1467 3595 inquam,
1513 3535 1524 3550 ‘
1556 3575 1558 3580 ,

224 3630 283 3678 nos
305 3614 360 3695 qni
387 3613 588 3697 portavimus
614 3613 742 3697 pondus
778 3614 843 3683 diei
874 3621 908 3682 et
929 3621 1040 3696 aestns,
1070 3617 1123 3698 qui
1147 3616 1336 3699 reliquimus
1359 3618 1467 3685 omnia

225 3721 260 3784 et
281 3719 387 3784 secuti
414 3737 526 3786 sumus
545 3719 718 3801 Christum,
742 3721 798 3803 qui
820 3721 1030 3804 vendidimus,
1046 3721 1164 3803 omnia,
1187 3739 1260 3804 quae
1283 3721 1467 3805 habuimus,

225 3821 340 3890 dantes
363 3842 403 3890 ea
427 3825 637 3908 pauperibus,
671 3826 776 3890 secuti
809 3843 921 3892 sumus
948 3827 1088 3894 Ihesum.
1133 3825 1200 3893 Nos
1227 3828 1353 3910 patrios
1375 3827 1467 3910 lines,

50 3965 60 3986 ,
158 3953 191 4002 ao
225 3944 285 3995 nos
318 3947 394 3996 cara
423 3933 596 4013 parentum
630 3929 849 3997 abdicavimus
882 3933 1026 4014 pignore,
1064 3949 1124 3998 nos
1168 3933 1275 4000 dulcia
1313 3933 1468 4016 liquimus

226 4051 322 4117 arva;
356 4051 417 4102 nos
451 4052 515 4101 non
548 4035 798 4118 adquiescentes
828 4038 916 4102 carni
946 4043 982 4103 et
1011 4037 1168 4120 sanguini,
1202 4037 1260 4104 sed
1284 4055 1356 4122 quoe
1378 4045 1467 4107 retro

225 4144 303 4206 eunt
327 4139 569 4222 obliviscentes,
596 4142 628 4206 in
656 4157 694 4210 ea
724 4159 797 4224 quse
826 4146 901 4208 ante
931 4147 1007 4208 sunt
1029 4161 1088 4210 nos
1113 4144 1337 4228 extendentes,
1359 4147 1468 4216 omnia

224 4250 360 4328 propter
378 4245 540 4314 Christum
568 4251 605 4312 ut
632 4250 779 4313 stercora
808 4247 1012 4330 arbitramur,
1041 4249 1119 4332 quia
1140 4247 1268 4316 Christo
1301 4251 1396 4319 nobis
1420 4251 1467 4317 vi·

224 4367 300 4417 vere
335 4357 386 4418 est
414 4357 447 4418 ιι
471 4352 550 4417 mori
573 4350 707 4418 luorum.
735 4351 881 4418 ‘Victum
916 4358 1025 4420 autern
1059 4361 1093 4421 et
1124 4354 1277 4422 restitum
1307 4356 1468 4424 habentes

157 4475 189 4527 aa
224 4457 287 4524 hoo
310 4456 456 4524 contenti
478 4474 606 4537 sumus3
629 4455 709 4522 nihil
732 4457 817 4524 enim
839 4456 1007 4526 intulimus
1031 4459 1064 4525 in
1086 4460 1171 4527 hunc
1194 4457 1357 4543 mnndum,
1380 4461 1469 4528 haud

225 4563 368 4643 dubium,
399 4563 477 4644 quin
504 4580 565 4629 neo
592 4560 715 4645 aliquid
738 4561 867 4630 aniene
889 4565 1080 4646 poterimus.
1123 4565 1190 4632 Nos
1213 4566 1321 4648 igitur,
1348 4567 1491 4650 quihus,

140 4729 143 4736 ,
226 4668 338 4734 datum
368 4673 421 4734 est
448 4685 548 4735 nosse
570 4667 759 4752 mysterium
781 4670 873 4752 regni
896 4669 959 4750 dei,
992 4670 1066 4738 huic
1087 4676 1198 4738 nostro
1220 4669 1307 4738 fideli
1329 4678 1467 4755 patrono

225 4771 377 4857 dulcique
399 4773 561 4842 fidetenus
584 4774 742 4841 advocato
769 4793 903 4858 regnum
934 4773 986 4842 dei
1014 4777 1145 4861 perpeti
1177 4794 1310 4861 precum
1342 4777 1466 4844 instan-

224 4877 280 4962 tia,
309 4879 491 4980 devotionis
524 4879 648 4948 intime
670 4879 932 4970 perseverantia,
949 4880 1094 4950 caritatis
1123 4883 1262 4954 assidue
1289 4882 1467 4967 vigilantia,
