3668 5348
353 368 519 422 HISTORIA
537 371 585 422 DE
602 369 839 427 arumnorum
856 370 980 423 mount
999 371 1313 428 nonwnnmmsmm.
1408 377 1452 438 49

211 556 486 636 lingunrocamns
504 555 672 634 Windlr,
695 573 774 636 gene
791 573 918 639 pagena
936 561 970 622 et
988 558 1058 622 Deo
1079 557 1217 636 inimica,
1236 555 1397 624 silvestris
1417 563 1449 624 ei

213 659 342 738 inculta,
373 660 484 726 vivens
515 665 621 742 raptu,
652 662 705 743 qui
736 678 867 743 semper
893 660 1025 742 quidem
1052 661 1175 743 rapinis
1198 662 1348 728 solebant
1369 663 1450 728 inie-

212 769 300 830 stars
322 764 466 844 Daciam,
495 771 574 831 tunc
602 770 710 832 tamen
732 767 899 849 precipue
923 766 1126 830 occasionem
1149 767 1237 831 nacti
1261 766 1301 832 de
1325 768 1450 849 inquie-

212 869 338 936 tudine¹
368 869 470 951 regni,
503 868 684 937 incredibili
719 870 929 937 multitudine
965 870 1093 936 advecti
1134 873 1211 936 suut
1243 872 1276 936 in
1305 870 1449 951 Daciam,

143 980 160 1028 ⁶
212 975 399 1058 operientes
420 973 536 1041 faciem
558 980 655 1042 terrae
678 992 769 1042 more
788 975 996 1042 locustarum.
1042 971 1136 1052 Quod
1157 993 1293 1042 cernens
1313 977 1450 1058 Magone

211 1098 269 1146 rex
298 1081 404 1146 animo
428 1085 658 1146 consternatus
681 1086 739 1161 est,
762 1099 833 1146 nam
857 1097 964 1162 neque
986 1083 1114 1160 tempus
1136 1079 1251 1147 habuit
1274 1083 1450 1175 exercitum

179 1237 182 1244 .
213 1185 430 1268 congregandi
453 1203 559 1268 neque
582 1189 687 1251 tutum
710 1186 852 1268 putabat
871 1203 942 1250 cum
961 1184 1074 1268 paucis
1093 1190 1208 1250 contra
1226 1191 1351 1273 tantam
1370 1187 1454 1277 mul-v

212 1289 385 1355 titudinem
415 1289 578 1370 dimicare,
612 1294 646 1356 et
677 1287 897 1356 intolerabilc¹
928 1289 1101 1356 videbatur
1127 1289 1249 1356 vastari
1283 1291 1450 1372 regionem

213 1395 244 1461 in
267 1397 442 1478 praesentia
462 1397 522 1460 sni.
566 1397 603 1462 In
624 1397 687 1462 hac
710 1414 788 1478 ergo
810 1393 927 1462 mentis
944 1393 1095 1480 angustia
1110 1394 1219 1478 posito
1234 1395 1328 1480 rege⁸
1349 1396 1453 1476 fertur

146 1501 179 1548 ¹⁰
214 1504 310 1567 nocte
343 1501 556 1583 subsequenti
590 1501 780 1584 apparuisse
812 1500 946 1565 beatum
976 1497 1112 1566 Olarum
1145 1507 1271 1584 patrem
1304 1500 1373 1584 ejus
1404 1499 1452 1568 et⁴

212 1605 377 1672 monuisse
400 1625 472 1672 eum
494 1607 528 1672 in
551 1605 620 1672 Deo
642 1592 734 1690 s'pem
756 1622 888 1689 ponere,
916 1600 1012 1670 facile
1034 1605 1064 1671 ei
1087 1613 1160 1673 esse
1183 1605 1261 1674 dore
1282 1599 1451 1674 victoriam

212 1728 276 1776 non
297 1709 403 1778 minus
424 1711 459 1776 in
480 1711 593 1793 paucis
617 1729 713 1794 quam
736 1712 768 1778 in
790 1710 948 1794 pluribus,
977 1717 1129 1791 oportere
1150 1729 1222 1776 eum
1245 1711 1278 1776 in
1308 1711 1452 1803 crastino

212 1811 255 1880 td
283 1813 405 1882 bellum
435 1816 624 1899 procedere,
653 1815 713 1881 Dei
741 1815 952 1880 miseratione
982 1815 1148 1882 victoriam
1171 1833 1236 1881 non
1259 1813 1454 1884 defuturam.

212 1917 296 1987 iiac·
317 1939 396 2004 ergo
426 1921 552 1988 visione
582 1918 784 1986 confortatus
814 1937 871 1984 rex
892 1917 1029 2002 Magnus
1059 1919 1091 1986 in
1119 1919 1293 1986 crastinum
1316 1921 1454 1989 viriliter

147 2032 178 2079 1⁵
213 2025 379 2107 processit
401 2027 441 2092 ad
463 2023 632 2108 proelium,
656 2018 860 2106 subsequens
877 2009 1038 2104 vexilium,
1057 2024 1146 2108 quod
1167 2025 1270 2107 patris
1294 2025 1363 2108 ejus
1385 2023 1453 2094 lne-

212 2133 274 2209 rai,
297 2135 413 2194 tenens
436 2145 533 2194 mann
557 2129 730 2211 bipennem
759 2129 914 2212 ejusdem,
942 2147 1014 2212 qum
1038 2129 1072 2194 ei
1093 2128 1138 2196 ibi
1161 2125 1327 2195 conducta
1348 2136 1399 2196 est
1420 2133 1455 2196 et

214 2231 311 2300 modo
342 2237 491 2301 servatur
512 2235 544 2298 in
571 2231 773 2300 Nidrosiensi
803 2233 952 2298 ecclesia.
996 2231 1102 2315 Major
1122 2233 1232 2316 itaque
1254 2233 1320 2298 ruit
1342 2234 1374 2298 in
1397 2234 1454 2299 bo-

213 2342 307 2418 stem,
340 2336 496 2420 plurimos
527 2339 714 2421 prostravit,
738 2341 865 2403 ceteros
888 2336 1028 2420 turpiter
1048 2335 1120 2402 Deo
1150 2337 1326 2402 auxiliante
1348 2332 1381 2403 iu
1403 2335 1452 2402 lu·

215 2459 287 2522 gem
316 2443 485 2508 convertit.
530 2443 601 2509 Hoc
633 2441 792 2525 proelium
827 2445 955 2524 gestum
990 2446 1043 2506 est
1076 2442 1110 2505 iu
1140 2440 1223 2524 loco,
1259 2442 1312 2521 qui
1336 2439 1453 2507 dicitur

145 2551 180 2598 ²0
214 2545 527 2628 Luirscogs-neicnr.
572 2547 678 2612 Variis
706 2545 823 2612 deiude
856 2543 1151 2612 conflictationibus
1182 2545 1268 2610 iuter
1290 2562 1328 2610 ee
1354 2563 1452 2628 agen·

214 2656 267 2716 tes
297 2651 433 2736 Magnus
467 2658 501 2718 et
530 2651 647 2720 Susino
677 2649 771 2732 plura
799 2648 925 2732 proelia
954 2653 1127 2744 gesserunt
1147 2649 1180 2713 in
1203 2647 1338 2715 diversis
1360 2649 1457 2739 locis,

216 2773 352 2836 quorum
380 2757 519 2822 maxima
547 2757 613 2822 ista
640 2753 788 2821 fuerunt:
821 2755 907 2836 apud
931 2754 1095 2837 Helganee
1118 2769 1227 2834 unum,
1258 2753 1344 2819 eliud
1367 2754 1452 2836 apud

285 3027 371 3084 'Am
389 3031 554 3095 inquietudini
573 3029 600 3080 S·
636 3025 715 3078 'Am
735 3027 902 3078 intollerabile
919 3027 945 3078 S.
978 3021 1163 3090 'ebreum
1209 3021 1404 3093 ⁴Kirrdskyder
1421 3027 1453 3078 el.

215 3285 368 3358 incolitur,
389 3289 439 3362 qni
461 3288 532 3346 olim
550 3286 625 3346 dicti
648 3291 720 3346 sunt
741 3285 882 3346 Wandnh'
905 3281 960 3362 (M.
985 3287 1019 3346 G.
1040 3285 1103 3346 Sor.
1127 3287 1176 3358 VI,
1201 3281 1284 3360 630),
1308 3267 1454 3362 sigiberti
1506 3341 1515 3360 ,

217 3393 405 3452 continuatio
417 3391 650 3452 Volcenueneie:
673 3389 827 3450 vicelinus
846 3389 1062 3449 Wandalorum
1085 3393 1245 3470 apostolus
1269 3383 1325 3463 (Μ.
1339 3390 1373 3452 G.
1387 3390 1452 3450 Sor.

136 3505 142 3514 '
216 3497 264 3568 vl,
288 3489 375 3572 loo).

301 3605 330 3660 6.
374 3588 441 3676 rex]
463 3599 517 3658 cir.
541 3581 640 3691 Agrip
665 3598 804 3659 58—59:
830 3599 986 3676 „mugnus
1009 3599 1092 3674 balbi
1115 3619 1252 3658 ecmmmo
1275 3599 1330 3674 apr
1351 3598 1453 3674 nitoris

217 3705 248 3765 ai
274 3725 310 3765 oc
341 3705 417 3764 iurir
446 3701 494 3780 bvi
521 3704 610 3762 litinn
640 3703 796 3780 uipbrnap
827 3724 863 3762 oc
892 3703 1030 3782 pttalresc
1054 3703 1086 3761 al
1105 3703 1226 3778 libleysi
1247 3724 1283 3761 oc
1304 3705 1392 3765 bioec
1416 3703 1453 3780 {ro

217 3831 281 3871 sem
302 3811 383 3870 hann
405 3789 493 3866 matti
515 3806 551 3865 til
573 3807 722 3882 niprtoco.
772 3808 840 3866 Eun
869 3807 903 3866 of
929 3811 1056 3866 cottona
1085 3827 1119 3865 or
1148 3807 1226 3866 hano
1258 3805 1356 3866 acrldi
1384 3805 1454 3864 ber·

216 3917 281 3976 iaec
313 3914 347 3972 oi
373 3931 562 3988 morgvnenn
584 3933 621 3972 oo
642 3913 760 3971 henum
790 3932 845 3970 nar
867 3913 925 3970 otti
947 3911 1032 3969 mikil
1055 3931 1073 3968 a
1095 3911 1159 3986 rapi
1187 3913 1263 3970 sino.
1288 3911 1325 3986 ira
1346 3911 1453 3971 biriiao

215 4019 328 4098 bonum
350 4017 436 4094 leber
457 4017 533 4081 hena
556 4017 566 4073 i
590 4018 692 4076 dromi
716 4037 752 4079 oc
773 4015 834 4090 bol>
854 4016 935 4076 lranu
958 4015 1027 4074 eeki
1048 4021 1158 4088 otlase,
1182 4015 1268 4091 sappi
1288 4017 1402 4076 bonnm
1421 4019 1454 4074 at

216 4123 296 4182 bean
327 4121 424 4190 eooldi
452 4123 516 4196 aigr
537 4122 631 4180 uinna
652 4141 689 4180 oo
713 4140 768 4181 ara
787 4115 902 4196 μήθ.
948 4120 1037 4180 Selre
1059 4119 1197 4195 Kampen
1219 4119 1353 4178 skildrea
1376 4119 1455 4178 siler

171 4299 179 4314 ι
217 4247 255 4288 en
277 4226 408 4304 nkjendl
430 4224 532 4284 Kilde.

304 4333 351 4392 19.
395 4331 459 4388 Hoc
482 4321 647 4406 proelium]
672 4331 725 4390 oin.
748 4310 849 4406 rigrip
874 4331 929 4388 59:
973 4329 1100 4389 moeso
1123 4329 1188 4403 peir
1214 4346 1265 4388 um
1288 4346 1453 4406 morgonan

217 4435 337 4512 abripi
358 4435 436 4511 perri
459 4452 493 4493 er
520 4433 684 4511 Hirrsoops
707 4435 795 4510 bellur
824 4433 933 4492 heiler.
959 4451 989 4492 ee·
1011 4436 1062 4508 lips
1082 4429 1128 4509 nib
1150 4427 1350 4508 Sbotborpurrir.
1393 4431 1454 4492 Del

218 4541 316 4602 aidate
338 4535 495 4616 (urigtige)
518 4537 626 4614 Tillaeg
648 4557 683 4599 er
703 4541 788 4605 leant
808 4539 856 4598 ire
877 4537 1037 4614 Quoia
1059 4535 1160 4598 Kilde.

302 4647 352 4708 aa.
395 4635 563 4722 flel'ganse]
589 4641 655 4702 emi.
677 4641 769 4704 Πὰν.
793 4643 865 4702 all.
1232 4722 1253 4784 4
