3640 5342
1420 343 1481 404 267

339 527 376 592 G.
420 527 706 596 BRUDSTYKKE
728 529 783 598 AF
805 529 860 594 ET
883 525 1224 594 HAANDSKREVET
1246 523 1388 590 DANSK

723 633 1000 700 BREVIARIUM.

335 789 399 862 „Ex
430 791 506 852 folio
540 795 671 871 quodem
704 812 899 870 pergameno,
934 791 1016 870 quod
1045 811 1081 850 ex
1110 791 1189 850 libro
1217 793 1249 849 in
1279 791 1387 867 mejeri
1409 790 1483 850 folio

248 895 431 974 disruptum,
465 899 496 956 in
525 898 623 956 Deuie
649 917 710 956 non
739 917 810 956 vero
840 899 871 955 in
899 897 1035 956 Islendie
1062 899 1169 954 neotus
1198 915 1275 954 sum.
1324 895 1485 972 Scriptura

198 1019 213 1065 o
249 1005 316 1060 eret
348 1004 423 1061 setis
457 1003 580 1080 elegans
614 1008 645 1061 et
676 1005 811 1080 entique.
866 1001 990 1060 luerent
1016 1001 1155 1076 legendus
1184 1005 1302 1058 tentum
1330 1000 1368 1059 de
1392 991 1484 1057 Sene·

247 1107 297 1178 tis,
328 1105 394 1164 sine
423 1104 541 1165 officiis.
598 1105 798 1166 Praeoedebot
825 1108 856 1164 iu
886 1105 944 1166 hoe
973 1106 1047 1164 lolio
1077 1106 1216 1182 legeudae
1244 1105 1282 1164 de
1310 1105 1341 1165 S.
1369 1104 1484 1164 Jeeobo

248 1210 399 1288 Apostolo
430 1205 524 1283 [25de
551 1207 637 1282 JuliJ,
668 1211 722 1271 VII
754 1211 976 1271 dormientibus
1011 1203 1103 1286 [tude
1136 1201 1212 1286 Juli]
1247 1214 1279 1268 et
1312 1209 1342 1268 S.
1376 1209 1485 1268 Pente·

247 1317 338 1376 leone
361 1315 495 1392 Martyre
521 1308 612 1391 [uude
634 1308 726 1392 Juli];
756 1316 826 1375 hine
855 1318 886 1374 iu
912 1316 1020 1374 ultime
1049 1320 1138 1391 perte
1166 1315 1232 1373 lolii
1263 1315 1300 1373 de
1325 1315 1354 1372 S.
1379 1313 1485 1386 Olevo,

249 1423 294 1480 uti
318 1419 387 1479 heio
411 1424 567 1478 exoratum
589 1423 644 1492 est,
676 1425 867 1497 apparetque
889 1418 981 1496 hujus
1011 1421 1150 1495 legeudoe
1181 1419 1339 1477 maximum
1367 1426 1486 1494 purtem

184 1539 215 1586 ιο
251 1520 378 1586 deeese“
404 1519 498 1595 (Arne
521 1524 708 1602 Magnussou
731 1526 741 1583 i
764 1519 912 1601 eloqu).
1480 1509 1488 1526 ⁸

332 1629 425 1688 Dette
448 1629 643 1706 Brudstyklre
667 1650 700 1688 er
719 1629 829 1688 lothen
850 1629 933 1704 trylrt
955 1629 1011 1688 hos
1034 1629 1201 1704 Leugebek
1222 1628 1260 1700 ll,
1283 1629 1352 1688 530.

567 1838 681 1904 Sancti
705 1837 797 1904 Olaui
821 1837 921 1922 Repie
942 1842 972 1903 el
994 1835 1163 1922 Martyris,

334 2006 503 2073 Gloriosus
533 2006 631 2088 igitur
658 2007 728 2074 Rex
751 2006 872 2074 Olevus
895 2007 1100 2088 Euangeliou
1125 2007 1273 2073 veritatis
1297 2006 1488 2073 sinceritate

250 2110 399 2193 angelice
431 2115 607 2194 comperte,
642 2108 739 2176 lidem
772 2115 842 2177 toto
874 2109 1006 2177 admisit
1036 2115 1172 2192 pectore
1207 2114 1240 2174 et
1269 2110 1310 2175 ed
1331 2110 1489 2193 baptismi

187 2227 217 2274 ro
252 2214 391 2296 gretiam
423 2215 456 2281 iu
489 2215 569 2282 urbe
601 2215 795 2298 Rothomegi
827 2215 946 2282 devote
975 2216 1072 2281 enimi
1101 2213 1274 2282 eleerltote
1295 2213 1488 2282 convolavit.

253 2316 446 2384 Purllieetus
469 2319 568 2401 igitur
589 2318 719 2386 leveero
742 2319 815 2385 selu
839 2369 846 2386 .
870 2369 905 2384 ..

343 3007 382 3073 Η.
427 3008 492 3073 Fre
513 3008 568 3075 ΕΤ
591 3008 734 3075 DANSK
757 3009 1102 3078 HAANDSKREVET
1122 3011 1399 3080 ssssuvmuluti.

336 3167 443 3226 Denuo
466 3166 609 3243 Legeude
628 3166 685 3228 her
700 3167 782 3228 Arne
795 3169 983 3247 Magnuseou
1000 3169 1085 3228 ledet
1108 3169 1209 3230 skrive
1232 3173 1241 3229 i
1264 3173 1298 3231 A.
1312 3171 1354 3231 Μ.
1368 3173 1428 3233 670
1442 3193 1490 3250 qv.

252 3273 332 3332 efter
358 3291 395 3331 eu
418 3271 575 3331 Membrou
602 3273 613 3330 i
642 3273 696 3333 lto
726 3275 735 3332 i
769 3273 823 3333 det
854 3276 952 3350 gemle
980 3273 1357 3336 Universitetsbibliothek
1385 3271 1490 3354 (Cape.

185 3386 218 3431 20
251 3375 390 3436 Ambros.
410 3395 483 3452 pers
507 3377 534 3434 1.
554 3376 620 3437 ord.
639 3377 669 3436 4.
686 3377 743 3437 No.
763 3371 833 3453 26);
857 3379 915 3438 den
938 3379 1100 3440 indeholdt
1123 3379 1290 3451 „leotiones
1313 3381 1352 3440 de
1375 3384 1491 3442 sanetis

252 3481 413 3557 turgurio,
435 3481 606 3554 wilhelmo,
630 3481 751 3542 Keuuto
774 3483 870 3557 Duoe,
894 3485 1016 3544 Ksuuto
1038 3503 1121 3561 rege,
1146 3483 1240 3545 Olevo
1268 3504 1351 3562 rege,
1380 3487 1493 3564 Magno

252 3587 384 3660 martyre
408 3583 543 3660 glorioso
566 3583 656 3642 etde
678 3585 774 3646 Lueio
796 3589 826 3646 iu
850 3589 1053 3648 treusletioue
1076 3591 1186 3666 sepitis
1210 3585 1290 3649 sui‘¹.
1334 3590 1492 3650 Aletrive·

253 3708 307 3749 ren
329 3707 369 3766 og
390 3687 556 3765 Lengebelr
578 3691 589 3747 i
611 3692 652 3749 sit
673 3691 783 3766 Aftryk
805 3691 857 3767 (Π,
872 3687 1031 3770 533—35)
1053 3694 1110 3753 her
1131 3694 1203 3753 ikke
1225 3694 1393 3754 bemaerkel
1416 3695 1492 3754 eller

252 3798 384 3868 noteret,
417 3790 520 3852 hvillre
555 3793 631 3854 Dele
665 3795 700 3853 el
730 3795 900 3855 Alslrrifteu
936 3797 1030 3865 heser
1060 3798 1096 3856 til
1136 3796 1286 3871 „offioie“‚
1322 3798 1424 3858 hvilke
1454 3801 1490 3860 til

186 3901 219 3950 25
257 3891 461 3971 „leoti0n0s“;
489 3899 500 3955 i
528 3897 580 3956 del
608 3897 752 3973 fulgendo
776 3899 884 3974 Altryls
913 3920 946 3959 er
968 3901 1051 3960 dette
1073 3904 1195 3980 lorselgt
1217 3905 1275 3964 ved
1297 3904 1334 3963 de
1358 3907 1368 3963 i
1389 3905 1491 3964 Klem·

253 4021 317 4062 mer
338 4001 458 4060 tilestte
482 3999 555 4061 Ord.

710 4150 763 4216 De
784 4149 901 4216 Sancto
928 4151 1034 4218 Oleuo.

340 4281 429 4366 [Ant]
454 4289 565 4352 Seuete
587 4289 703 4368 Morlyr
730 4319 760 4331 -
787 4293 907 4368 gaudie.
932 4317 970 4340 =
994 4315 1023 4370 p.
1048 4292 1186 4356 2294-6.

339 4386 447 4470 [Resp]
473 4391 497 4453 0
521 4399 651 4470 qveutus
675 4400 733 4455 eto.
757 4419 796 4444 =
819 4416 849 4475 p.
874 4397 1045 4460 papus-tl,

186 4505 219 4554 ³0
339 4488 433 4574 [Ant]
455 4497 553 4556 Adest
575 4497 640 4558 dies
666 4527 700 4538 -·
725 4521 830 4579 regum
853 4503 959 4578 glorie.
983 4525 1022 4550 =
1045 4523 1075 4580 p.
1101 4503 1256 4563 2314-15.

342 4601 467 4662 Codeew.
510 4601 595 4662 Deus
619 4605 669 4679 qvi
692 4633 729 4642 -
754 4609 925 4682 pervenire.
950 4629 988 4654 =
1012 4627 1042 4684 p.
1067 4605 1239 4668 24718-22,
