3646 5348
382 355 421 425 16
810 351 1005 412 onerosum
1021 354 1186 410 mousom

376 545 481 610 libros
504 529 619 608 eontra
641 542 806 610 Christum
829 544 990 624 evomuit3
1011 544 1065 609 hie
1087 544 1231 610 lulianus
1255 545 1409 611 seductus
1432 562 1451 610 a
1473 545 1623 628 malignis

381 647 560 732 spiritibus,
585 649 638 730 qul
663 649 692 713 ei
705 665 764 730 pro
777 654 867 714 certo
879 647 1049 716 victoriam
1071 649 1242 716 incudem
1264 669 1373 733 pugna
1394 652 1623 734 promiserant,

382 754 499 837 quibus
521 754 593 836 ipse
615 771 709 838 paeue
733 754 879 836 quotidie
896 772 961 820 non
979 754 1085 820 solum
1100 755 1197 822 bruta
1215 755 1376 836 animalia,
1395 773 1517 839 verum,
1535 759 1623 840 quod

381 861 445 928 illis
479 859 580 926 multo
613 859 781 942 acceptius
814 867 874 940 est
908 879 1025 946 corpus
1056 865 1090 927 et
1122 862 1260 928 animam
1295 879 1389 928 suam
1421 861 1646 944 immolabat¹

382 966 516 1034 accendi
549 965 673 1032 lecerat
706 983 818 1032 omues
850 985 959 1047 naves,
994 967 1112 1049 quibus
1146 967 1224 1034 illuc
1255 965 1411 1034 advectus
1439 966 1556 1048 fuerat,
1586 975 1624 1037 ut
1657 998 1675 1044 a

382 1072 493 1140 ablata
508 1089 568 1155 spe
584 1071 767 1138 revertendi
785 1073 883 1138 corda
900 1071 1036 1140 milltum
1057 1073 1098 1138 ad
1115 1090 1256 1156 pugnum
1270 1073 1439 1140 animaret.
1473 1073 1537 1140 Sed
1554 1075 1624 1142 red-

383 1179 467 1244 didit
486 1177 644 1244 Dominus
667 1178 699 1242 io
723 1178 831 1260 capite
847 1177 1030 1260 blasphemi
1053 1177 1210 1246 malitiam
1232 1196 1341 1276 suamj
1365 1198 1439 1246 uem
1457 1181 1492 1248 in
1510 1180 1623 1248 eadem

382 1303 489 1368 pugno
513 1281 665 1351 divinitus
689 1301 874 1366 percussus,
897 1285 1044 1350 nescitur
1066 1303 1085 1350 a
1108 1302 1182 1368 quo,
1206 1303 1335 1352 manum
1360 1288 1536 1368 supposuit
1556 1287 1625 1354 nul·

383 1392 461 1472 ueri,
495 1407 566 1458 eum
601 1389 732 1471 sanguis
763 1386 923 1470 efflueret,
957 1390 1143 1474 sparsitque
1170 1392 1204 1457 in
1229 1408 1309 1456 nera
1336 1409 1407 1456 curn
1439 1391 1625 1475 hujusmodi

383 1496 605 1580 blasphemia:
629 1495 743 1561 Viris
754 1496 795 1575 ti,
809 1495 923 1578 inquit
937 1494 1119 1570 Galilaee¹
1131 1497 1309 1578 (dominum
1323 1495 1406 1564 enim
1419 1503 1566 1566 nostrum
1578 1499 1626 1565 sic
1661 1530 1695 1584 10

383 1603 513 1671 solebat
534 1601 725 1685 appellere),
750 1621 768 1666 e
806 1602 853 1668 ito
873 1601 906 1666 in
928 1601 1026 1668 verbo
1049 1601 1259 1686 blasphemie
1275 1602 1432 1677 transivit
1454 1602 1495 1669 de
1521 1610 1626 1674 morte

383 1708 557 1794 temporali
579 1707 613 1772 in
634 1710 837 1791 perpetuom.
872 1706 1041 1776 Exercitus
1058 1707 1167 1790 igitur,
1187 1713 1225 1774 ut
1241 1707 1389 1790 diximus,
1405 1709 1625 1778 Romaoomm

384 1815 416 1883 in
440 1814 580 1882 maxims
601 1811 803 1898 necessitate
826 1813 1025 1878 constItutus
1053 1813 1245 1890 levaverunt
1272 1814 1464 1906 predictum
1485 1812 1625 1881 lorinia-
1674 1785 1687 1824 '⁰

384 1939 460 1990 num
483 1921 587 1987 virum
609 1917 932 1985 christianissimum²
960 1919 1202 2004 imperatorem,
1230 1923 1379 1985 ornatum
1401 1919 1545 1989 moribus
1569 1937 1626 2008 op·

385 2027 483 2108 timis,
506 2023 736 2110 promittentes
757 2041 794 2090 se
817 2041 881 2092 uno
905 2024 1012 2092 animo
1036 2023 1232 2092 christianos
1260 2023 1346 2108 lore3
1376 2044 1451 2095 nam
1478 2025 1624 2092 lulianus
1662 2063 1693 2116 15

385 2131 547 2200 multos'a
569 2147 647 2198 vera
669 2127 733 2195 fide
756 2134 929 2196 averterat.
973 2130 1133 2212 Suscepto
1155 2131 1265 2212 iraque
1280 2129 1467 2199 Iovinianus
1488 2131 1626 2213 imperio

386 2255 459 2304 cum
493 2253 621 2303 summa
653 2233 811 2300 industria
845 2236 1022 2302 exercitum
1055 2234 1200 2316 abduxit
1233 2235 1530 2320 constitutopaeto
1554 2253 1627 2302 cum

385 2342 503 2422 Persis,
525 2345 625 2424 prout
656 2339 688 2405 in
718 2339 777 2406 tali
799 2341 999 2406 necessitate
1022 2339 1133 2406 valuit
1182 2339 1257 2424 lpse
1280 2340 1377 2424 (proh
1400 2340 1507 2420 dolor)
1530 2340 1626 2408 nimis

386 2452 514 2513 maturo
536 2449 641 2512 morte
665 2444 756 2526 obiit,
777 2463 851 2512 nam
874 2462 937 2510 non
962 2444 1095 2511 dimidio
1113 2463 1197 2511 anno
1215 2445 1398 2527 imperavit.
1432 2445 1498 2514 Sed
1518 2463 1627 2512 rever·

386 2559 493 2620 tamur
516 2551 556 2617 ad
580 2555 700 2617 nostra.
1662 2577 1695 2622 ao

387 2775 464 2858 Cap.
487 2773 543 2840 IX.
588 2772 680 2852 Quod
704 2773 772 2855 ejus
795 2770 952 2836 instantis
975 2787 1084 2837 comes
1108 2771 1268 2837 Orcadum
1291 2772 1398 2838 lectus
1420 2777 1472 2836 est
1494 2769 1624 2837 christi·

746 2893 827 2944 unus
851 2895 922 2942 curn
947 2877 1033 2942 omni
1055 2877 1271 2962 populosus.

472 3049 592 3114 Olenus
615 3061 691 3113 vero
715 3043 891 3110 discedens
916 3063 954 3110 ex
976 3045 1093 3128 Augila
1114 3050 1203 3112 recto
1227 3063 1322 3112 cursu
1344 3045 1485 3111 tetendit
1507 3043 1547 3111 ad
1567 3041 1627 3108 Or-

298 3163 300 3168 ’
387 3153 483 3221 cadas
507 3152 640 3234 insulas,
664 3158 698 3217 et
715 3152 791 3234 quia
807 3151 886 3232 ipsae
906 3150 1061 3234 subjecte
1079 3155 1155 3217 sunt
1174 3151 1240 3232 regi
1254 3149 1485 3232 Norwagiensi,
1508 3166 1626 3214 conve·
1813 3205 1814 3234 p

387 3263 436 3325 nit
448 3257 642 3340 Sigwardurn
665 3259 818 3322 comitem
836 3259 872 3321 ut
888 3255 1082 3323 christIanus
1101 3255 1203 3342 fieret,
1227 3256 1376 3338 quidone
1397 3253 1517 3322 eisdem
1537 3254 1627 3318 insu·
1663 3281 1695 3330 25
1789 3325 1814 3343 U

387 3365 428 3429 ils
452 3367 600 3446 preerat.
646 3363 792 3445 Cumque
814 3359 870 3427 ille
890 3361 1115 3433 dissimularet
1131 3363 1165 3425 et
1183 3358 1423 3454 obloqueretur,
1443 3359 1565 3425 Olavus
1589 3375 1628 3422 eo

387 3469 491 3552 magis
514 3469 667 3534 instabat.
714 3469 755 3532 ot
777 3465 832 3533 ille
854 3466 1006 3548 promisit
1027 3463 1068 3566 se'
1081 3463 1213 3547 quidem
1236 3465 1264 3529 ei
1288 3465 1357 3531 lore
1380 3464 1565 3546 subJectum
1593 3468 1630 3528 ut

476 3659 483 3690 ¹
502 3655 559 3711 ΑΚ.
578 3655 677 3707 Galilao
695 3658 725 3709 Β,
743 3653 887 3720 GolilemG)
908 3655 938 3707 S.
975 3617 990 3684 Ἰ
1002 3653 1059 3708 ΑΚ.
1078 3653 1293 3705 christianismum
1311 3655 1335 3706 S.

477 3837 523 3894 19.
570 3833 643 3911 Gap.
667 3822 722 3908 IX]
744 3829 965 3906 Fortrsllingon
987 3831 1160 3906 menindus
1182 3829 1239 3888 hos
1263 3829 1332 3890 Odd
1350 3821 1440 3904 (Gap.
1466 3821 1536 3903 lo);
1558 3845 1627 3888 men

391 3942 430 4002 da
450 3939 550 4000 donne
571 3939 658 3998 leder
681 3938 755 3998 Olor
776 3937 897 3996 komme
919 3935 980 3994 lra
1007 3935 1184 3996 Rusland
1206 3936 1241 3994 til
1260 3934 1372 4010 Ilerge,
1396 3951 1463 3992 maa
1483 3934 1539 3995 hos
1561 3932 1629 3992 ham

391 4046 466 4106 Olav
488 4046 627 4120 foretogs
650 4064 688 4104 en
717 4063 756 4118 oy
778 4041 869 4102 Reice
892 4041 928 4099 til
950 4039 1091 4117 Euglapd
1120 4042 1169 4102 lor
1196 4046 1229 4102 at
1256 4040 1348 4098 hante
1369 4039 1409 4098 de
1430 4041 1440 4096 i
1464 4037 1538 4113 Cep.
1561 4035 1631 4097 VIII

389 4157 509 4211 nmvnte
539 4147 688 4225 GeistlIge
718 4165 757 4222 og
788 4165 848 4224 pao
878 4145 1056 4222 Hiemseien
1089 4145 1208 4207 kristne
1239 4143 1429 4212 Orknoerne.
1473 4141 1630 4217 Rigtigere

390 4259 549 4334 gjengives
584 4241 700 4328 Segnet
728 4254 738 4310 i
767 4251 926 4327 Jarlasaga
959 4243 1050 4321 (Flet.
1073 4252 1096 4322 1,
1121 4247 1213 4325 229);
1246 4251 1303 4310 her
1334 4250 1502 4334 berigIIges
1537 4263 1632 4322 egem

389 4359 555 4437 'l'hJ‘odrilrs
577 4359 714 4434 Udsagn‚
744 4361 777 4415 al
798 4355 928 4433 Sigurds
952 4357 1015 4424 Son
1039 4357 1149 4421 skulds
1171 4376 1249 4416 smne
1277 4355 1336 4415 den
1360 4371 1469 4412 semera
1491 4351 1632 4418 beramte

390 4467 534 4526 Thorfimn
555 4463 620 4523 Jarl
644 4457 834 4533 (†o.1ooo)‚
859 4481 899 4538 og
921 4463 975 4522 det
996 4463 1123 4536 crucias,
1145 4467 1178 4522 at
1197 4458 1401 4529 Sonuem‘hed
1422 4458 1555 4536 „Hselpr
1578 4455 1633 4516 olla

391 4568 518 4632 Hunde“
542 4587 584 4644 og
605 4567 874 4628 mollissimam
895 4568 998 4628 Lodve
1023 4565 1137 4644 (neppa
1160 4567 1276 4642 ιίςὲὶςι,
1297 4565 1342 4624 tlu'
1367 4563 1497 4640 SIgurdo
1518 4561 1634 4622 hoden-

392 4677 446 4738 slre
470 4675 572 4736 Fodor
591 4673 652 4732 hod
674 4667 803 4748 Lodvs).
