3654 5336
394 367 455 429 168
683 359 920 412 murmurarunt
943 359 982 409 ιιι
999 359 1144 412 unnnau
1166 359 1339 411 ιιιισιιιι.

393 547 514 614 domim
530 547 736 614 millesimum
755 547 1011 614 ducentesimum
1027 537 1303 626 septuagesimum
1320 563 1428 622 unum,
1451 543 1633 625 quindecim

393 654 525 718 milibus
548 653 799 718 christianorum
821 653 910 716 intus
934 668 993 732 pro
1017 649 1209 716 defensione
1232 649 1336 731 ipsius
1361 649 1585 716 existentibus.
1715 697 1724 714 .

477 759 514 824 ln
539 757 724 824 dntrodo
753 759 863 838 itaque
886 757 974 821 intus
997 757 1029 820 in
1051 755 1192 822 eeclesia
1213 755 1328 838 majori
1350 759 1415 820 est·
1424 754 1550 836 capella
1570 754 1633 819 uir·

393 865 477 946 ginis
499 862 662 945 gloriosa,
685 863 776 928 mira
799 860 930 944 quidem
950 859 1302 942 pulchritudinis,licet
1317 878 1427 941 parra,
1439 859 1471 924 in
1491 878 1555 942 qua
1571 878 1635 926 noa

393 970 472 1035 licet
493 969 686 1050 alienigenis
708 967 875 1034 celebrare
894 967 956 1031 nisi
980 965 1143 1047 episcopis
1166 971 1201 1031 et
1222 963 1377 1030 iratribus
1398 964 1578 1030 mineribus
1601 969 1636 1032 et
1686 973 1702 1018 ⁵

392 1073 665 1158 predicatoribus
699 1077 836 1138 tuntum.
897 1071 960 1136 llic
990 1076 1126 1153 propter
1156 1069 1372 1152 frequentiam
1407 1070 1634 1136 miraculorum

393 1198 512 1260 magna
534 1183 587 1244 est
608 1177 837 1260 peregrinatio.
882 1176 1011 1242 Dicitur
1026 1180 1173 1242 sanctum
1191 1175 1323 1240 Petrum
1341 1177 1375 1240 in
1394 1175 1519 1242 mirica
1539 1176 1634 1241 iatius

394 1282 529 1365 capelle
556 1282 725 1349 laborasse
752 1283 894 1366 propriis
922 1281 1081 1348 manibus
1134 1280 1207 1346 Alia
1241 1281 1369 1365 capella
1397 1287 1450 1346 est
1482 1281 1570 1346 intua
1603 1281 1636 1346 in

393 1389 464 1471 ipso
487 1398 607 1465 castro,
637 1392 672 1453 et
698 1389 865 1466 asseritur,
896 1387 983 1469 quod
1013 1389 1111 1454 beata
1134 1387 1224 1470 sirpo
1246 1387 1375 1468 etipsa
1398 1387 1465 1452 suis
1487 1385 1636 1452 munibus

392 1495 427 1560 in
454 1493 577 1558 lubrica
605 1493 707 1574 ipsius
737 1492 924 1572 laborabam
958 1491 1065 1558 sciens
1093 1511 1180 1571 aero,
1204 1493 1290 1574 quod
1311 1491 1453 1558 futurum
1478 1497 1569 1558 esset
1589 1491 1635 1558 ibi
1672 1496 1704 1542 1⁰
1816 1483 1817 1552 i

397 1605 550 1680 castrum,
573 1598 903 1680 commutavitipsam
925 1597 1013 1663 cum¹
1030 1602 1145 1663 sancto
1164 1598 1263 1664 Petro
1286 1599 1320 1662 iu
1343 1597 1500 1679 capellum
1520 1615 1635 1682 supra·

395 1703 525 1782 dicum,
549 1720 588 1768 ιο
614 1703 701 1786 quod
723 1703 887 1785 peregrini
909 1702 1045 1769 liberius
1064 1702 1225 1770 haberent
1242 1704 1320 1769 illuc
1338 1703 1530 1784 ingressum,
1553 1704 1637 1770 aaut

393 1809 516 1891 patet
507 1828 540 1874 m
562 1809 727 1891 prasenti.

479 1913 677 1996 Hucusque
699 1913 862 1979 maritima
875 1913 977 1996 Syrna
989 1913 1265 1995 perlustravimus,
1287 1933 1348 1982 uec
1370 1920 1423 1980 est
1443 1913 1530 1980 ultra
1553 1913 1637 1980 chri-

395 2018 545 2084 stianitas
567 2019 632 2084 uisi
662 2019 698 2084 iu
725 2019 914 2099 Margato
949 2017 991 2083 ad
1019 2038 1055 2082 vr
1084 2018 1203 2098 leucas,
1232 2019 1337 2085 donee
1365 2019 1611 2102 perveniatur
1601 2039 1636 2088 m
1672 2017 1704 2065 ¹⁶

395 2122 591 2190 Armeniam.
635 2124 684 2189 De
707 2123 894 2205 llargato'
885 2143 918 2187 m
947 2121 1134 2189 Laodiciam
1163 2129 1242 2189 sunt
1269 2145 1306 2190 rx
1327 2124 1441 2193 leuca.
1485 2125 1533 2190 lle
1555 2125 1636 2192 Lae

259 2313 263 2322 ῃ
395 2225 496 2295 dicia²
527 2229 559 2293 in
591 2228 766 2295 Antiochia
797 2233 874 2293 sunt
904 2247 926 2292 n
958 2227 1071 2293 leucae.
1115 2228 1166 2294 De
1192 2228 1365 2297 Antiochia
1391 2231 1425 2297 in
1450 2231 1636 2296 Armeniam

396 2338 474 2400 suut
492 2333 629 2399 totidem
652 2333 766 2414 leucae,
788 2333 942 2399 videlicet
962 2353 995 2400 n.
1037 2333 1106 2398 Nos
1134 2351 1214 2400 vere
1243 2334 1284 2400 de
1312 2336 1460 2403 Antrodu
1489 2341 1636 2402 reuerta-

395 2437 510 2504 bamur
529 2440 590 2519 via,
614 2457 678 2520 qua
699 2438 855 2517 uenimus,
877 2439 912 2504 in
933 2439 1052 2505 Accua.

480 2544 564 2609 Ante
594 2544 773 2610 Antrodum
808 2550 859 2609 est
890 2543 999 2609 insula
1030 2561 1140 2626 parra,
1174 2545 1207 2609 iu
1235 2544 1328 2628 cuijus
1355 2545 1501 2629 scopulis
1532 2553 1637 2613 mater
1672 2541 1706 2590 ²⁰

397 2647 517 2714 ιιιιιιί3
545 2647 723 2715 Clementis
752 2649 953 2730 naufragium
983 2649 1180 2730 patiebatur,
1209 2652 1337 2717 duobus
1359 2650 1436 2718 filiis
1463 2652 1531 2718 auis
1554 2653 1639 2718 Fau·
1816 2641 1817 2652 ἶ

396 2754 481 2819 stiuo
512 2759 547 2820 et
575 2754 697 2820 Fausto
721 2754 798 2834 (alio
820 2755 951 2820 nemine
973 2753 1075 2820 Nicea
1097 2761 1131 2820 et
1150 2755 1283 2837 Aquila)
1305 2758 1346 2822 ab
1369 2757 1443 2839 ipsa
1465 2759 1497 2824 in
1519 2757 1637 2825 eodem

397 2856 566 2941 naufragio
599 2859 769 2939 separatis,
804 2877 887 2941 quos
921 2857 1109 2926 submersos
1143 2861 1289 2941 credidit,
1319 2879 1488 2945 quamue
1517 2863 1550 2928 in
1580 2880 1635 2928 eo·

396 2962 469 3028 dem
493 2963 565 3028 loco
588 2963 740 3029 veniente
761 2963 838 3030 illuc
858 2963 956 3031 Petro
980 2982 1044 3031 nou
1065 2966 1168 3032 solum
1192 2965 1266 3032 illos
1288 2966 1373 3032 dnus
1402 2965 1499 3047 filins,
1526 2987 1637 3034 ιιιιιιι

397 3065 496 3134 ctiam
520 3067 731 3149 Clementem,
766 3085 863 3162 quern
887 3069 974 3136 demi
998 3089 1070 3136 cum
1097 3075 1192 3154 patre
1214 3071 1402 3154 reliquerat,
1435 3072 1531 3138 simul
1564 3091 1637 3140 cum
1672 3074 1707 3122 ²⁵

395 3176 490 3253 patre
522 3173 677 3255 ipsorum,
713 3191 771 3239 suo
801 3173 954 3240 uidelicet
987 3175 1115 3252 marito,
1148 3175 1257 3240 diviua
1289 3176 1500 3260 dispensante
1531 3181 1638 3260 gratia

397 3277 551 3343 miraculo
579 3277 719 3344 mirabili
741 3295 839 3344 sanos
865 3277 995 3344 insimul
1018 3277 1200 3358 repererit,
1231 3280 1316 3347 sieut
1341 3283 1374 3347 in
1399 3283 1569 3351 itinerario
1590 3284 1638 3366 ip-

396 3383 464 3448 sius
489 3382 669 3449 Clementis
692 3383 780 3447 istud
803 3382 891 3448 idem
913 3381 1052 3474 lucidius
1075 3382 1268 3452 declaratur.

482 3487 673 3568 Quicunque
702 3506 741 3552 ιιι
769 3487 835 3552 isto
863 3486 957 3552 breui
986 3486 1153 3553 itinerario
1182 3490 1251 3558 siva
1277 3509 1337 3572 per
1364 3498 1546 3561 memorata
1566 3493 1639 3560 loca

297 3675 305 3688 ·
395 3590 634 3674 peregrinando
665 3609 723 3656 seu
753 3594 788 3656 et
815 3591 921 3672 ipsum
948 3590 1088 3673 legendo
1116 3593 1239 3676 aliquid
1266 3596 1376 3663 solatii
1400 3602 1511 3663 nostro
1534 3598 1635 3665 medi·
1672 3611 1707 3656 ιι

397 3700 473 3762 ante
494 3695 605 3762 labore
633 3697 806 3778 acceperit,
836 3714 946 3778 quaeso
970 3702 1007 3762 ut
1029 3698 1168 3764 animem
1191 3699 1297 3768 lelieis
1320 3702 1557 3770 reeordationis
1579 3704 1636 3768 do·

397 3799 474 3864 mini
508 3799 674 3865 Andreas
706 3799 890 3868 Nicholai
923 3804 1236 3871 recommendatam⁵
1273 3805 1397 3872 lrabeat
1429 3824 1538 3873 eoram
1574 3809 1635 3874 deo

396 3923 513 3986 meque
534 3923 712 3988 pauperem
731 3905 865 3974 fratrem
887 3905 1130 4010 Mauritium
1153 3911 1362 3978 nihilomiuus
1385 3911 1502 3978 divine
1521 3913 1636 4044 pietati

397 4007 546 4076 devotius
569 4011 832 4079 recommendati

466 4179 519 4234 'at
536 4180 629 4235 Od'
648 4185 752 4236 Laodiio
745 4201 795 4236 ram
814 4141 913 4240 Cd.³
930 4197 1018 4240 saneta
1036 4190 1083 4241 cd.
1125 4185 1277 4256 *repererat
1294 4190 1341 4241 cd.
1382 4187 1636 4243 ‘recommendatum

396 4271 443 4323 (ld.
480 4267 696 4324 ⁶recommendet
715 4273 761 4326 cd.
1342 4301 1345 4310 v

481 4411 531 4469 at.
575 4413 607 4470 in
639 4386 798 4474 itinerario
831 4419 930 4494 ipsius
961 4407 1140 4492 Clementis]
1176 4435 1209 4474 ιιι
1241 4415 1274 4475 8.
1309 4415 1474 4486 Clementis
1507 4417 1637 4480 Romani

396 4515 633 4592 Recogniliones
657 4519 766 4580 Rufino
788 4523 958 4600 interprete
982 4518 1044 4595 (cd.
1069 4513 1239 4595 Geradorff)
1263 4521 1326 4592 vll,
1346 4523 1480 4597 s-1x,
1501 4524 1550 4584 37.

915 4715 1117 4730 ——n-n—
