3640 5342
377 345 440 407 250

376 529 533 609 sanguine
557 527 719 597 madebat.
765 531 910 614 Cumque
933 533 1054 614 digitos
1072 551 1150 599 suos
1176 533 1375 600 madefactos
1396 533 1509 598 eadem
1534 548 1619 614 aqua

377 633 418 698 sd
442 633 554 700 oculos
578 653 654 700 suos
673 636 873 702 reduxisset:
897 637 984 703 iilico
1009 639 1143 705 detersa
1160 639 1298 721 caligine
1314 638 1422 704 lumen
1445 637 1617 720 pristinum

377 739 510 820 recepit.
555 739 664 806 Mirati
688 747 766 808 sunt
788 759 901 808 omnes
922 744 977 825 qui
1001 745 1174 811 audieruut
1195 745 1375 810 nouitatem
1399 741 1561 809 miraculi:
1585 747 1620 808 et

378 843 521 909 diuinam
548 845 707 926 pietatem
736 847 840 928 dignis
871 849 1015 916 extulere
1042 849 1219 932 preconiis:
1249 849 1304 931 qui
1326 853 1501 932 martyrem
1524 864 1617 912 suum

377 951 442 1012 tam
467 947 582 1031 insigni
602 953 757 1019 miracrdo
781 951 959 1020 clarificare
983 954 1184 1037 dignabatur.
1671 959 1688 1004 ⁵

461 1061 543 1139 Rcop.
588 1064 763 1126 Deuenerat
790 1069 897 1127 martir
927 1074 984 1127 ato.

460 1187 527 1226 vers.
573 1169 610 1228 Hi
633 1189 707 1247 ergo
729 1171 859 1232 collecto
882 1179 940 1233 eto.

461 1263 570 1332 Lectio
597 1268 664 1348 oic'p'.
709 1270 805 1350 Apud
827 1268 936 1338 vrbem
961 1270 1249 1354 constatinopolim
1278 1270 1417 1337 celebris
1447 1274 1499 1332 est
1527 1268 1618 1333 beati

1057 1145 1094 1170 ι·
1118 1143 1148 1201 p.
1173 1120 1311 1183 2364-8.

377 1371 463 1437 olaui
498 1372 583 1453 regis
618 1375 788 1440 memoria:
831 1382 865 1443 et
894 1377 926 1442 in
960 1377 1095 1444 ciuitate
1135 1376 1249 1442 eadem
1284 1375 1325 1442 ad
1358 1375 1514 1442 honorem
1547 1373 1618 1440 eius

375 1475 535 1542 fabricata
564 1484 614 1543 est
641 1478 787 1546 ecclesia.
839 1483 965 1548 Accidit
994 1481 1078 1548 enirn
1108 1481 1246 1564 quadam
1269 1483 1467 1563 tempestate
1488 1483 1523 1545 nt
1545 1498 1618 1562 pre-
1657 1485 1690 1531 1⁰

375 1581 442 1647 iate
469 1581 557 1646 urbis
586 1583 766 1666 imperator
794 1589 941 1654 exercitu
969 1587 1108 1654 collecto
1139 1587 1299 1654 aduersus
1330 1585 1492 1669 quendam
1520 1602 1617 1666 paga·

375 1703 489 1752 norum
523 1707 633 1770 regem
667 1689 866 1773 preliatmus
895 1692 1092 1776 procederet
1125 1692 1273 1759 ordinate
1301 1697 1438 1775 utreque
1466 1690 1554 1756 acies
1585 1695 1620 1756 et

374 1793 484 1858 studio
508 1793 640 1859 militari
665 1795 823 1878 disposite
845 1798 967 1864 beilum
989 1800 1113 1865 ineunt.
1157 1798 1322 1864 Inuaduut
1343 1797 1443 1878 igitur
1463 1794 1618 1861 christia·

375 1915 433 1963 nos
463 1898 620 1966 acerrime
647 1899 792 1966 barbari:
828 1907 862 1968 et
889 1904 995 1986 primo
1021 1923 1199 1988 progressu
1220 1904 1361 1968 victores
1385 1901 1539 1968 existunt.
1563 1918 1618 1967 oc·

374 2001 498 2069 cumbit
520 2022 596 2087 pars
620 2023 736 2088 magna
758 2025 945 2088 grecorum:
978 2014 1012 2075 et
1029 2007 1196 2074 christiani
1221 2007 1383 2075 exercitus
1406 2006 1507 2073 robur
1530 2005 1618 2072 elan·
1658 2007 1691 2054 1⁶

374 2113 461 2191 guet
494 2109 654 2177 Restabat
685 2113 772 2178 acies
794 2129 858 2177 uon
887 2113 1018 2194 grandis
1048 2130 1112 2196 quo
1146 2111 1226 2178 uihil
1258 2111 1346 2178 aliud
1374 2110 1621 2194 prestolabatur

371 2213 435 2281 uisi
458 2219 606 2282 mortem.

398 2322 400 2326 ’
459 2330 542 2408 Reap.
585 2331 736 2410 Egregius
760 2337 874 2410 martyr·
895 2339 953 2394 eto.

456 2456 525 2496 ears.
569 2437 604 2497 ln
627 2439 826 2498 admiratione
850 2444 907 2498 etc.

457 2532 565 2600 Lectio
585 2537 629 2602 irc.
674 2536 849 2602 Desolatus
872 2555 950 2619 ergo
980 2538 1160 2620 imperator
1191 2541 1224 2604 et
1253 2535 1323 2602 iere
1352 2534 1449 2602 corde
1477 2534 1616 2601 dissolu·
1656 2547 1692 2592 ²0

376 2646 445 2707 tus:
478 2639 520 2706 ad
555 2641 720 2707 dominum
743 2660 779 2708 se
809 2647 1004 2709 conuertens
1029 2643 1182 2710 auxilium
1211 2641 1264 2706 dei
1294 2646 1328 2706 et
1356 2638 1445 2707 beati
1468 2641 1618 2723 martyris

376 2762 469 2828 opem
493 2745 635 2828 perfusis
654 2746 851 2830 implorabat
872 2746 1027 2814 lacrimis:
1052 2766 1149 2831 quem
1171 2764 1230 2830 pro
1244 2746 1376 2813 iusticia
1398 2747 1617 2828 pugnantibus

376 2849 564 2932 frequenter
596 2851 711 2919 adesse
746 2853 910 2920 referente
944 2853 1113 2920 didicerat.
1168 2851 1301 2919 Uoueut
1327 2870 1363 2919 se
1394 2852 1454 2918 sub
1488 2852 1618 2919 nomine

1031 2409 1069 2434 =
1093 2407 1123 2464 p.
1148 2385 1322 2447 eggis-aa,

377 2954 526 3037 martyris
549 2961 583 3022 et
605 2959 637 3022 in
659 2958 783 3026 honore
813 2964 926 3025 sancte
955 2959 1056 3027 marie
1083 2959 1217 3038 virginis
1248 2959 1279 3023 in
1308 2956 1387 3024 vrbe
1409 2958 1499 3040 regia
1520 2957 1618 3023 fabri-

375 3065 505 3127 caturos
528 3062 699 3130 eeclesiam
723 3065 749 3129 si
773 3067 843 3130 eius
865 3065 1054 3130 interuentu
1076 3065 1216 3131 victores
1233 3068 1447 3130 remanerent.
1493 3063 1520 3130 0
1542 3081 1617 3146 pre·
1656 3071 1690 3117 2⁵

376 3165 497 3232 ciarum
521 3173 555 3234 et
577 3169 703 3250 insigne
727 3169 925 3235 miraculum.
949 3173 1088 3252 apparet
1111 3171 1223 3234 martir
1245 3169 1440 3252 quibusdam
1463 3169 1505 3236 de
1528 3187 1619 3235 exer-

376 3272 442 3338 citu
465 3277 498 3338 et
521 3271 727 3339 christianum
752 3275 856 3339 aciem
874 3273 1007 3355 signifer
1023 3274 1160 3355 insignis
1182 3274 1338 3356 precedit.
1382 3274 1508 3341 Horror
1529 3276 1619 3342 inua-

375 3379 421 3444 sit
442 3379 593 3445 hostilem
618 3379 810 3444 exercitum:
840 3384 874 3445 et
902 3383 991 3444 metu
1014 3378 1124 3445 diuino
1146 3379 1289 3462 perculsi
1313 3397 1426 3446 omues
1449 3383 1620 3446 vertuntur

374 3485 407 3550 in
429 3483 549 3567 fugam.
593 3483 648 3548 Fit
670 3500 871 3565 paganorum
903 3490 1030 3566 strages
1053 3503 1117 3549 non
1140 3485 1287 3550 minima:
1318 3491 1353 3551 et
1375 3485 1484 3551 multis
1508 3485 1619 3551 onusti

374 3589 488 3673 spoliis
511 3589 651 3654 victores
676 3586 845 3653 christiani
874 3593 1090 3656 reuertuntur.
1135 3589 1318 3672 Imperator
1344 3591 1444 3673 igitur
1465 3597 1616 3657 constan·
1653 3595 1689 3639 ³⁰

374 3695 544 3778 tiuopolim
566 3709 736 3774 regressus
754 3711 826 3757 oum
843 3693 994 3760 victoria:
1018 3701 1052 3760 et
1072 3694 1139 3761 voti
1162 3712 1226 3776 quo
1244 3713 1281 3762 se
1305 3695 1508 3778 obligauerat
1530 3693 1616 3778 apud

374 3805 548 3882 martyrem
571 3815 637 3863 uon
657 3797 845 3864 immemor:
870 3798 1042 3865 ecetesiam
1064 3805 1099 3866 vt
1119 3805 1257 3866 uouerat
1276 3800 1458 3868 fabricauit.

459 3910 541 3987 Rccp.
585 3909 651 3970 Rex
672 3911 796 3970 inclitus
821 3939 859 3952 -
882 3912 1082 3973 iocunditatis
1233 3984 1273 3994 -
1350 3961 1513 4024 2368848

459 4035 526 4075 uera.
571 4015 668 4075 Felici
690 4019 871 4078 commercio
895 4047 935 4058 -
958 4018 1058 4096 gloria
1079 4017 1161 4095 regis
1233 3998 1273 4010 “
1295 3982 1325 4041 p‘
1420 4070 1426 4081 .
1516 4007 1523 4022 ’

457 4123 610 4182 cadmus.
654 4120 784 4182 Corona.
1654 4113 1688 4164 ³⁵

924 4267 1060 4334 Laudes.

456 4393 608 4471 αηιίρήοηο.
653 4393 729 4454 Post
751 4396 880 4453 montem
903 4422 941 4434 -
965 4394 1104 4454 restituit
1126 4415 1165 4440 ε
1188 4413 1219 4470 p.
1244 4392 1400 4454 237²·st.

483 4535 638 4622 Hymnus.
726 4537 858 4620 Mdrtyr
880 4537 995 4604 christi
1018 4537 1225 4607 subleuutur:

729 4642 770 4708 ud
794 4642 925 4709 domum
942 4642 1122 4711 reducitur:
