3646 5348
502 1091 669 1173 Incipiunt
689 1093 831 1173 capitata
851 1093 1012 1174 sequentia
1034 1093 1189 1174 opascah.

312 1262 336 1326 I.
391 1260 439 1326 oe
467 1259 612 1328 Hareldo
643 1260 931 1342 pulchre-conato.
992 1261 1034 1328 II.
1086 1262 1136 1326 De
1166 1262 1261 1334 Erico
1292 1261 1356 1328 filio
1387 1261 1466 1344 ejus,

226 1367 285 1434 III.
325 1367 374 1434 Do
404 1365 628 1432 inventoribus
652 1365 813 1432 Isiondiae.
856 1366 911 1432 IV.
951 1365 999 1434 De
1022 1367 1156 1447 Herone
1179 1372 1213 1432 et
1228 1368 1371 1434 Hannldo
1395 1388 1466 1450 gre-

226 1470 353 1538 ielder¹.
399 1457 447 1538 V.'
469 1471 667 1566 DeHeeone
691 1471 785 1538 melo.
831 1472 885 1538 VI.
918 1472 967 1538 De
990 1491 1070 1540 nece
1088 1473 1260 1541 Gnnoildae
1275 1491 1334 1554 por
1357 1473 1468 1539 dolum

227 1577 380 1644 Haoonis.
426 1577 495 1642 VII.
540 1577 589 1642 Ite
612 1577 726 1643 dolosa
749 1577 893 1661 ejusdem
917 1577 1058 1644 factione
1075 1584 1189 1644 eontra
1206 1578 1343 1646 Olavum
1366 1577 1467 1644 fihum

227 1681 355 1764 Tryggi.
406 1681 489 1748 VIII.
536 1681 630 1762 Quod
654 1683 775 1748 Olenus
799 1683 982 1764 repatrians
1004 1684 1181 1768 assumpsit
1202 1702 1314 1754 seeum
1342 1684 1467 1764 episco-

226 1805 303 1870 pum
328 1787 490 1870 quendam
514 1792 548 1855 et
570 1787 652 1853 elios
681 1788 854 1872 reIIgiosos
881 1788 967 1856 viros
995 1788 1037 1854 ed
1064 1789 1304 1872 praedieendom
1335 1789 1467 1856 verbnm

226 1892 289 1958 Dei
310 1891 602 1977 Norwegiensibus.
659 1893 713 1958 IX.
759 1891 852 1972 Quod
881 1894 949 1978 ejus
978 1894 1136 1962 instantio
1165 1889 1274 1965 eomes
1306 1893 1469 1962 orcarum

225 1995 331 2068 motos
354 2003 405 2064 est
434 1997 628 2066 christianus
657 2017 731 2064 eum
753 1999 838 2066 omni
860 1999 981 2082 populo
1006 2018 1072 2066 sno.
1125 1999 1163 2067 X.
1209 1999 1303 2078 Quod
1326 2003 1468 2064 ostensor
1555 1991 1557 1996 ’

225 2107 304 2170 sunt
323 2102 424 2168 Olavo
448 2103 575 2170 insidiae
598 2109 632 2170 et
653 2101 785 2170 fraudes
811 2103 976 2172 Haonnis².
1020 2103 1075 2172 XI.
1118 2105 1168 2170 De
1190 2104 1376 2171 constantin
1398 2103 1468 2186 ejus

225 2208 259 2274 in
281 2209 381 2276 verbo
404 2208 477 2276 Dei.
531 2209 600 2274 XII.
648 2209 741 2288 Quod
769 2209 912 2278 Isiendia
942 2210 1037 2276 iidem
1067 2209 1189 2276 Christi
1217 2207 1382 2292 receperit
1409 2227 1468 2292 per

227 2313 297 2396 ejus
314 2311 515 2380 instantiam.
547 2313 636 2382 XIII.
667 2316 784 2398 Opinio
805 2315 1009 2398 quorundam
1026 2315 1067 2382 de
1084 2316 1245 2403 baptismo
1264 2312 1352 2378 beati
1365 2313 1467 2380 Olevi.

225 2416 309 2486 xlv.
353 2418 404 2484 De
425 2425 532 2514 morte
554 2419 646 2486 Olari
675 2419 733 2486 filii
755 2417 896 2504 Tryggo.
947 2421 1013 2487 XV.
1060 2421 1110 2484 De
1123 2420 1240 2508 reditu
1263 2417 1351 2484 boeti
1375 2416 1469 2482 Olnoi

227 2523 268 2590 de
288 2526 405 2608 angha
423 2525 457 2590 in
474 2525 687 2607 Norwegiem.
732 2525 816 2592 XVI.
849 2525 898 2590 De
919 2524 998 2606 iuge
1014 2525 1103 2592 beati
1124 2525 1218 2595 Olevi
1240 2525 1272 2590 in
1290 2521 1466 2595 Rosciam.

225 2631 326 2698 XVII.
372 2632 422 2698 De
443 2634 558 2697 natura
579 2629 752 2712 Oarybdis⁶
770 2635 803 2696 et
822 2632 861 2696 de
878 2630 1101 2712 Longoherdis
1120 2631 1153 2695 et
1170 2629 1306 2694 Hunnis.
1350 2627 1466 2692 XVIII.

228 2735 324 2816 Quod
347 2737 465 2802 beatus
488 2736 609 2802 Olenus
632 2735 823 2818 repatriavit·
841 2735 934 2800 etde
952 2753 1122 2818 corporum
1142 2735 1354 2800 humanorum
1372 2733 1466 2798 dimi·

226 2841 371 2908 untione.
425 2839 511 2906 XIX.
557 2841 651 2920 Quod
680 2840 798 2906 beatus
827 2841 948 2906 OIavns
979 2841 1010 2905 in
1040 2840 1127 2906 hello
1158 2843 1277 2922 martyr
1305 2838 1467 2906 oeenhnit.

226 2945 296 3012 XX.
330 2946 380 3012 De
404 2945 595 3013 diversitate
618 2943 861 3029 supputationis
881 2963 1038 3010 annornm
1056 2941 1096 3011 ab
1116 2945 1208 3010 inihio
1229 2941 1348 3012 mundi.
1381 2943 1466 3008 XXI.

226 3052 275 3117 De
299 3051 418 3132 Magno
442 3049 509 3116 filio
531 3051 620 3117 beati
643 3051 746 3118 Olevi.
779 3051 892 3134 XXII.
937 3050 986 3114 De
1009 3051 1246 3132 compositione
1269 3050 1358 3131 pacis
1383 3050 1468 3114 inter

226 3153 379 3237 Magnum
403 3161 437 3222 et
466 3175 575 3238 regem
606 3155 726 3221 Derim.
781 3153 898 3220 XXIII.
918 3239 923 3248 ⁴
943 3155 992 3220 De
1021 3161 1118 3236 pacto
1150 3155 1236 3237 quod
1265 3155 1385 3220 factum
1417 3159 1467 3218 ost

225 3261 311 3332 inter
341 3261 492 3328 Carnium
522 3264 735 3342 magnumst
770 3259 903 3354 fratrem
933 3277 1037 3324 suum.
1092 3259 1205 3325 XXIV.
1256 3259 1352 3338 Quod
1381 3255 1480 3332 idem,¹

226 3367 362 3449 Magnus
393 3351 557 3434 Danornm
591 3386 648 3432 rex
681 3363 814 3432 effeetus
848 3363 968 3429 bellum
1003 3365 1157 3430 habuerit
1186 3383 1256 3430 cum
1288 3362 1465 3428 Wandelie

226 3471 324 3537 XXV.
357 3471 406 3537 De
428 3472 536 3538 reditu
551 3471 686 3538 Heraldi
709 3467 903 3536 herdreder⁶
925 3471 965 3535 de
989 3469 1126 3535 Greaoie.
1170 3467 1285 3534 XXVI.
1321 3467 1465 3535 invectio

227 3578 369 3647 auctoris
391 3578 423 3642 in
444 3575 636 3644 ambitiosos
658 3581 691 3642 et
710 3575 850 3659 qualiter
869 3575 1015 3641 cosdroe
1036 3573 1134 3639 vitem
1152 3573 1300 3638 finiverit.
1335 3571 1467 3638 XXVII.

226 3683 319 3762 Quod
349 3702 405 3748 rex
434 3681 572 3764 Magnus
607 3701 742 3764 regnum
771 3681 949 3767 Norwegiae
981 3681 1090 3746 divisit
1119 3663 1335 3761 oum'petrno
1367 3686 1400 3744 et
1427 3679 1466 3744 de

226 3788 318 3858 obitu
342 3787 496 3880 ejnsdem.
555 3785 701 3853 XXVIII.
746 3777 838 3864 Quod
869 3787 954 3850 idem
977 3783 1137 3850 Haraldus
1167 3785 1406 3867 expeditionem
1435 3784 1467 3847 in

227 3892 373 3974 hugliam
398 3894 519 3958 ducens
542 3893 574 3957 in
597 3891 684 3956 bello
708 3892 812 3956 victus
837 3890 999 3956 occubuit.
1043 3889 1158 3956 XXIX.
1203 3889 1253 3956 De
1276 3889 1378 3955 Olovo
1401 3885 1468 3954 filio

227 3999 305 4082 ejus.
361 3997 460 4064 XXX.
512 3997 560 4062 De
587 3995 706 4079 Magno
739 3994 865 4062 herfort
899 4000 933 4060 et
964 3997 1083 4061 mentio
1119 3995 1158 4060 de
1192 3995 1468 4077 praestigiisque

226 4108 469 4186 praecesserunt
490 4107 628 4168 mortem
653 4101 769 4168 Caroli.
820 4099 935 4166 XXXI.
983 4101 1031 4166 De
1055 4103 1158 4182 gestis
1181 4101 1326 4184 ejusdem
1349 4099 1468 4180 Magni.

225 4205 358 4276 XXXII.
391 4207 441 4276 De
465 4213 569 4286 morte
594 4207 739 4290 eJnsdem
763 4206 870 4285 Magni
895 4213 928 4270 et
952 4205 992 4270 de
1015 4203 1091 4270 filiis
1116 4209 1194 4288 ejus
1239 4201 1387 4271 XXXIII.
1421 4203 1470 4268 De

226 4332 305 4396 rege
327 4313 469 4380 siwardo
491 4319 525 4380 et
546 4313 648 4393 gestis
679 4313 757 4396 eius.
812 4307 955 4376 XXXIV.
1002 4311 1051 4376 De
1074 4309 1219 4376 Haraido
1241 4309 1469 4393 ¹Hyherniensi.

667 4417 857 4502 Expliciont
880 4417 1030 4501 capitolo.

297 4587 357 4642 ¹1.
377 4587 503 4640 Greield'r
520 4592 552 4643 A.
595 4589 714 4640 Graieldr
731 4589 757 4643 fl.
792 4587 879 4642 'AR
898 4586 1017 4640 Eeooner
1036 4589 1062 4642 S.
1099 4583 1301 4654 ’Amhyggij
1320 4585 1348 4639 Ι.
1386 4581 1473 4636 ‘Am

226 4679 344 4729 Roaiam
360 4677 386 4732 Β,
423 4677 433 4708 ³
453 4677 509 4730 ΑΚ.
520 4678 653 4746 Oorybatia
665 4677 691 4732 8.
720 4677 731 4709 ⁶
747 4681 834 4730 reesa
843 4675 984 4730 Hmdraor
998 4676 1026 4730 S.
1036 4675 1236 4742 Emendator
1252 4675 1285 4730 K.
1301 4675 1474 4730 Humorem·
