3654 5336
584 357 682 412 sora
700 357 922 412 snucroruu
940 359 976 410 ru
995 358 1105 410 sumo.
1405 355 1461 420 151
1494 383 1498 390 ·

225 539 329 606 Erant
349 543 459 606 autom
484 543 694 620 [mercatores
712 540 767 605 isti
786 539 926 622 peperit
950 539 1006 606 sed
1031 539 1121 624 [port
1144 538 1279 620 puniam
1305 537 1462 620 proriae·

225 643 348 710 tionem
369 643 583 710 illustrissimi
603 643 690 725 regis
708 659 850 710 errorem
872 660 964 710 sunm
988 641 1132 709 confessi
1155 641 1236 707 tanti
1260 641 1352 708 duob
1374 639 1463 708 verbi

225 747 278 816 dei
312 747 604 817 admonitionibue¹
636 766 671 815 se
706 748 848 815 libenter
877 749 1008 814 obedire
1037 745 1222 814 vovebant⁸·.
1282 746 1462 827 [Accercito

225 870 302 936 ergo
325 853 504 920 venerabili
526 851 679 937 pontifice
700 869 757 918 ren
780 851 960 918 catholicus
972 851 1051 918 iecit
1068 869 1127 919 eos
1146 852 1179 917 in
1195 853 1326 918 nominc
1344 857 1464 918 sanctae

225 957 382 1026 trinitatis
404 958 562 1040 baptizari
595 961 630 1024 et
654 955 797 1023 fidelium
825 955 945 1040 agmini
975 955 1153 1038 aggregari.
1197 956 1360 1038 Baptizati
1388 973 1465 1036 ergo
1532 975 1535 981 ·

225 1066 260 1128 et
292 1063 325 1128 in
357 1060 421 1129 lide
455 1061 576 1130 Christi
603 1051 769 1129 instructi⁴
801 1064 834 1128 in
867 1061 1041 1144 praesentia
1077 1062 1271 1128 venerabilis
1310 1061 1464 1126 antistitis

224 1166 495 1234 christianissimo
518 1168 588 1249 regi
611 1167 652 1234 de
675 1166 825 1234 columna
848 1165 941 1246 lucis,
965 1185 1060 1249 quern
1083 1165 1242 1247 riderent,
1274 1170 1307 1232 et
1338 1165 1379 1232 de
1413 1184 1463 1231 ca-

224 1270 305 1354 pite,
340 1271 425 1356 quod
448 1269 647 1354 invenerant,
680 1270 824 1342 fideliter
844 1277 1065 1343 cenaverunt
1118 1270 1220 1341 tnnc
1249 1270 1345 1354 jussu
1376 1273 1464 1352 regis

226 1381 325 1458 caput
347 1375 481 1444 allatum
508 1380 568 1456 est,
599 1376 686 1458 quod
712 1376 910 1444 reverendus
938 1375 1083 1458 pontifex
1112 1376 1214 1447 sacris
1236 1375 1464 1442 manibusue-

160 1485 192 1534 1⁰
225 1485 302 1547 vota
335 1481 517 1564 suscipiens
549 1481 582 1546 in
614 1499 731 1564 magna
763 1480 975 1549 veneratione
1002 1499 1074 1548 cum
1104 1486 1288 1548 sanctorum
1318 1477 1465 1562 reliquiis

224 1583 434 1670 recondebat.

308 1715 351 1757 rx.
397 1689 498 1755 Fiunt
536 1691 647 1773 plures
687 1695 865 1774 martyrum
903 1688 1041 1756 Christi⁶
1079 1693 1193 1771 testes,
1230 1689 1363 1772 iamque
1395 1707 1465 1758 suos

224 1795 409 1862 sanctitatis
443 1795 529 1862 inter
556 1813 672 1877 preces
703 1795 877 1878 dignantur
897 1794 1028 1874 habere
1051 1808 1132 1876 quos
1156 1799 1252 1861 antea
1275 1798 1465 1877 persecuto·

222 1915 277 1966 res
294 1898 526 1966 infestissimos
544 1899 737 1967 habuerunt.
783 1897 879 1983 [Nam
896 1899 1023 1982 plnres*
1043 1897 1087 1966 de
1110 1898 1225 1965 eadem
1248 1899 1354 1965 insula
1376 1899 1465 1966 veni·

158 2015 189 2062 rs
225 1995 318 2068 entes
341 2002 382 2068 ad
404 2021 526 2086 regern,
555 2005 589 2069 id
618 2004 705 2087 quod
727 2005 853 2087 priores
874 2004 1030 2083 viderant,
1054 2018 1090 2068 ee
1113 2021 1242 2086 quoque
1265 2002 1384 2071 vidisse
1404 2021 1465 2070 sae-

221 2106 309 2189 pius¹
325 2105 476 2174 firmiter⁵
509 2109 713 2176 asserebant.
767 2107 924 2174 Hortatn⁸
958 2106 1074 2190 igitrrr’
1098 2106 1188 2174 beati
1216 2106 1380 2189 pontificis
1408 2126 1465 2176 rex

223 2211 362 2278 devotus
384 2211 427 2278 ad
450 2218 662 2280 memoratam
684 2213 824 2279 insulam
847 2231 920 2280 cum
942 2212 1152 2281 multitudine
1173 2211 1318 2278 fidelium
1336 2213 1464 2294 navigio

223 2313 399 2384 deveniens
424 2320 511 2398 [cum
533 2319 708 2385 lustrasset
731 2317 827 2400 eam⁵‚
857 2319 980 2386 invenit
1010 2317 1057 2402 [in
1080 2317 1275 2384 occidentali
1296 2317 1394 2398 plaga
1414 2318 1463 2382 in·
1586 2385 1590 2394 ,

222 2421 303 2488 sulae
332 2420 507 2488 montem¹⁰
532 2440 595 2488 non
619 2422 788 2502 modicum,
824 2421 936 2509 [quern
969 2422 1140 2488 transactis
1174 2420 1337 2503 aliquibus
1371 2423 1465 2488 annis

155 2543 188 2592 ro
223 2526 508 2608 nominaremur,
533 2530 608 2593 ante
638 2529 809 2594 corruisse.
869 2525 963 2620 Hunc
983 2525 1092 2591 locum
1115 2524 1241 2592 devoti⁵
1261 2544 1317 2592 rex
1339 2529 1374 2592 et
1396 2526 1465 2609 epi-

222 2648 341 2715 scopus
364 2635 607 2715 perscrutantes
628 2631 755 2714 ibique⁶
776 2631 862 2697 inter
882 2649 962 2698 sana
978 2629 1055 2697 boni
1079 2629 1190 2697 odoris
1212 2629 1319 2697 ossa¹¹
1340 2633 1465 2714 reperi·

222 2741 290 2803 unt.
337 2735 492 2822 [lubente
524 2735 623 2818 igitur
652 2735 827 2805 venerabili
857 2735 1006 2801 antistite
1037 2734 1242 2818 benignoque
1265 2753 1342 2816 rege
1364 2753 1464 2802 annu-

222 2839 314 2910 enre⁵
346 2845 534 2908 constructa
567 2840 632 2908 est⁵
664 2840 709 2907 ibi
739 2841 879 2908 ecclesie
908 2855 947 2911 ac
969 2845 1169 2920 consecrata,
1201 2831 1272 2906 arbi⁵
1304 2840 1397 2922 sigon
1426 2860 1464 2908 ac

221 2946 361 3012 virtutes
394 2951 549 3028 operatur
576 2945 657 3012 deus
685 2946 890 3028 permerito
918 2949 1104 3011 sanctornm
1133 2961 1266 3010 suorum
1294 2962 1397 3028 usque
1431 2946 1464 3012 iu

155 3072 187 3120 ss
222 3054 419 3132 presentem
447 3050 544 3116 diem.
596 3049 770 3118 Christiani
801 3067 880 3118 varo
913 3068 987 3116 cum
1019 3049 1136 3116 sedule
1169 3067 1246 3116 ossa
1268 3056 1464 3132 sanctorum,

222 3151 324 3238 quu1‘
344 3154 481 3236 reperiri
503 3157 666 3237 poterant,
692 3158 935 3237 congregarent,
958 3152 1180 3221 invenerunt¹⁸
1206 3153 1368 3234 integrum
1396 3173 1464 3221 cor-

220 3277 283 3342 pus
307 3257 577 3342 beateSunnivae
598 3259 731 3340 virginis
755 3264 789 3326 et
808 3259 964 3342 martyris,
990 3257 1077 3342 quod
1099 3258 1229 3325 tandem
1252 3275 1324 3324 cum
1347 3277 1464 3342 magno

221 3362 345 3430 honore
377 3363 410 3428 iu
439 3363 559 3430 scrinio
590 3361 787 3428 collocatum
815 3367 866 3428 est
892 3378 975 3430 anno
998 3363 1112 3446 gratias
1134 3365 1380 3444 nongentesimo
1405 3383 1462 3430 no-

208 3469 388 3550 ·nagesimo
408 3471 509 3534 sexto.
1130 3451 1143 3466 ”

153 3593 187 3640 eo
304 3572 482 3638 lbansacto
506 3571 607 3639 multo
630 3576 778 3654 tempore
799 3572 994 3639 venerabilis
1024 3571 1188 3638 memoria
1211 3572 1362 3638 Paulus
1386 3575 1464 3640 Ber·

222 3677 335 3759 uenus
365 3677 542 3761 epiecopus
576 3677 732 3758 reliquias
767 3681 890 3744 sancta
919 3676 1070 3744 Sunnirae
1099 3676 1141 3744 de
1171 3675 1281 3746 insula
1299 3676 1394 3744 ·Selio
1424 3679 1465 3745 ad

222 3782 389 3854 civitatem
410 3781 610 3862 Bergensenr
632 3781 800 3862 transtulit
828 3798 912 3849 enno
946 3783 1065 3848 domini
1088 3781 1260 3856 millesimo
1284 3783 1464 3855 centesimo
1534 3826 1539 3836 ·

291 3937 380 4008 ‘'Leg.
398 3943 492 4006 pegeni
510 3949 665 3993 mercatores
680 3943 786 4006 predicti
805 3943 877 3992 lires.
919 3937 932 3970 ¹
949 3943 1012 4006 leg.
1030 3942 1112 3993 duleis
1127 3941 1209 3993 verbis
1224 3941 1264 3990 dei
1278 3940 1466 3992 ammonitioni·

220 4031 270 4084 bru
285 4025 331 4096 pot
348 4041 432 4095 regan
449 4029 525 4080 ΒΜ.
564 4024 668 4080 'Brea
697 4030 820 4082 volebant
835 4029 898 4094 Lag.
937 4025 1028 4095 Ἴης.
1057 4029 1223 4080 lustrwiln
1239 4029 1288 4082 uda
1302 4030 1467 4096 beptleabnn·

221 4127 270 4172 tur,
287 4129 333 4183 per
358 4117 498 4183 predictum
526 4117 679 4182 pontificem.
707 4119 744 4170 Et
759 4120 833 4173 Brev.
887 4114 976 4183 ‘aaa
1002 4118 1062 4181 incl.
1078 4117 1152 4172 Brev.
1207 4111 1304 4172 ‘Brea
1324 4119 1385 4183 mssl.
1403 4119 1466 4184 Lag,

221 4201 311 4270 sltem.
331 4205 421 4258 Plnres
439 4206 506 4258 enim
525 4206 598 4258 Beer.
648 4200 751 4258 'Brea
769 4208 886 4260 hortetur
904 4207 979 4274 Lep..
1014 4200 1117 4256 'Brea
1142 4206 1227 4272 ireque
1245 4206 1307 4270 Lep.
1365 4201 1387 4233 ¹⁰
1403 4207 1466 4270 Lon·

220 4303 332 4348 montem
350 4295 377 4346 in
395 4293 547 4366 occidentali
565 4294 642 4360 plaga
658 4293 731 4344 Beer.
770 4291 791 4321 ¹¹
805 4294 879 4345 Brer.
897 4295 956 4360 rogi.
978 4293 1039 4358 Lag.
1076 4287 1168 4358 Ὧς.
1187 4309 1236 4358 qua
1254 4293 1326 4343 Brev.
1367 4288 1465 4358 ¹⁸Leg.

220 4377 289 4442 (used
308 4381 350 4432 det
368 4379 420 4433 Ord
438 4389 538 4432 causer
555 4377 642 4443 detto).
661 4382 791 4432 inveniunt
808 4379 885 4434 Brev.

307 4537 356 4596 ³0.
400 4535 513 4596 Paulus
536 4535 701 4613 Bergensis
724 4529 901 4616 episcopus]
936 4533 955 4607 †
983 4535 1064 4596 iden
1087 4533 1175 4615 April
1202 4535 1280 4594 1194
1307 4529 1406 4606 (Fam.
1431 4535 1462 4594 S.

220 4639 299 4716 vm,
324 4634 409 4716 sor).
455 4649 458 4654 ¹
