3646 5348
339 341 548 420 ·11‘'

379 549 404 592 tc
423 557 524 606 quoque
542 541 685 599 scriberem,
703 541 860 592 &amicitia
882 549 974 592 nostra
997 541 1081 606 iguem
1100 541 1156 594 hoc
1174 541 1253 593 veluti
1269 541 1350 594 flabro
1367 544 1525 595 ventilarem.
1560 541 1615 594 latu

379 633 475 694 pridem
494 630 590 680 iactum
609 639 653 692 cst,
677 645 733 680 cum
757 630 801 681 tibi
824 630 1000 694 significarem,
1028 647 1067 680 mc
1089 633 1115 680 iu
1135 629 1289 682 bibliotheca
1307 647 1322 682 a
1339 632 1434 684 Senatu
1453 641 1541 683 uostro
1558 631 1616 682 fidoi

379 733 441 769 meus
467 719 602 768 commissa
629 718 748 782 reperisse
766 718 918 768 Theudorici
945 721 1063 768 monachi
1087 719 1219 782 cujusdam
1238 719 1408 770 liidrosieneis
1426 722 1558 770 historiam
1577 735 1616 770 re·

380 821 439 868 gum
463 805 677 868 Norragiensium
709 806 735 854 iu
766 805 913 855 membrana
942 809 1072 876 scriptam,
1091 823 1147 872 quur
1169 809 1335 858 ducentorum
1361 819 1387 858 ct
1413 810 1480 872 quod
1495 803 1616 858 'excurrit

370 886 501 944 'annorum
520 903 659 958 respectus
679 894 863 958 complectitur.
895 893 937 943 Ex
954 895 999 944 illo
1018 897 1098 960 reperi
1115 910 1215 960 quoquc
1233 897 1351 959 anonymi
1369 896 1501 960 cujusdam
1520 899 1616 947 autoris

379 983 498 1046 scriptum
526 983 557 1032 dc
580 981 887 1046 proiectione‚Dauorum
910 983 1047 1033 interram
1074 993 1187 1034 unctam
1215 985 1282 1034 circa
1305 1000 1400 1034 anuum
1428 985 1527 1036 Christi
1553 989 1615 1035 1187
1675 1009 1682 1020 ·

379 1077 491 1134 tempore
509 1072 575 1134 regis
594 1069 687 1120 Canuti
706 1070 862 1120 Woldcmari
885 1071 919 1120 iil.
938 1081 1061 1135 suscepta,
1085 1073 1154 1135 quod
1177 1073 1259 1136 ipsum
1278 1089 1378 1138 quoque
1396 1074 1476 1122 lucem
1495 1073 1616 1123 hactenus

380 1174 430 1210 non
450 1161 540 1208 vidisse
559 1159 686 1208 existimo.
717 1155 838 1220 Capitulis
851 1159 979 1222 utriusque
1004 1169 1126 1210 tractatus
1145 1161 1188 1209 tibi
1209 1163 1288 1223 mitto,
1308 1171 1335 1210 ut
1353 1176 1455 1212 recum
1473 1162 1617 1211 aliiacom-

380 1249 505 1297 municatu
524 1247 657 1296 consilium
677 1246 737 1294 mihi
755 1247 815 1294 darc
835 1247 921 1308 possis,
945 1257 1028 1296 utrum
1048 1225 1131 1314 oper'a
1150 1249 1256 1312 pretium
1275 1249 1387 1298 secturus
1405 1251 1461 1309 rim,
1481 1251 1501 1299 sl
1520 1258 1615 1298 utram·

380 1351 427 1397 que
446 1333 575 1384 historiam
594 1329 767 1398 publicorum.¹
804 1333 891 1384 Nolim
915 1333 1010 1384 iruetre
1033 1349 1070 1384 me
1094 1333 1208 1397 iatigurc,
1232 1338 1252 1385 si
1277 1339 1355 1386 eciam
1378 1339 1424 1386 hos
1448 1346 1572 1388 tractatus
1590 1339 1615 1388 iu

381 1421 465 1472 Deoia
483 1423 576 1472 alicubi
595 1433 682 1472 extare
699 1423 750 1471 sirc
768 1421 849 1470 editos
867 1423 920 1471 sire
938 1423 1130 1484 manuscriptos.
1166 1423 1192 1474 Si
1213 1425 1303 1484 minus,
1316 1425 1401 1474 videor
1414 1427 1474 1476 milti
1487 1427 1615 1490 egregium

380 1514 527 1562 thesaurum
549 1511 671 1574 reperisse
694 1519 719 1558 et
736 1524 798 1559 auro
821 1521 909 1559 coutrn
927 1511 1111 1571 estimandum,
1130 1513 1206 1562 modo
1225 1512 1329 1564 fortuna
1354 1513 1413 1562 mihi
1438 1516 1544 1563 amicos·
1557 1529 1616 1563 con·

378 1602 455 1660 ciliet,
474 1613 580 1663 quorum
599 1613 677 1661 opera
694 1599 747 1646 hoec
766 1613 805 1647 res
819 1599 896 1662 rogim
914 1599 1038 1661 majestati
1052 1601 1197 1649 innotcacut.
1235 1600 1280 1659 Te,
1298 1602 1336 1650 vir
1347 1601 1503 1665 amplissime
1517 1613 1543 1650 et
1556 1603 1618 1651 emi·

378 1691 486 1746 tissime,
505 1689 580 1736 utiam
599 1696 673 1750 utque
691 1690 766 1736 ctiam
787 1701 856 1750 rogo,
875 1689 942 1750 sputi
959 1685 1118 1737 Dunicarnnt
1137 1703 1218 1736 rerum
1237 1689 1330 1752 peritos
1349 1689 1473 1752 inquirere
1493 1705 1543 1740 non
1561 1705 1616 1752 gra·

379 1779 451 1838 veris,
471 1785 552 1824 utrum
572 1774 651 1824 fundo
670 1776 726 1838 quid
748 1777 777 1824 dc
802 1776 839 1824 his
858 1775 959 1838 scriptis
978 1775 1128 1834 uudircriut,
1148 1791 1235 1840 meque
1258 1793 1304 1840 pro
1327 1779 1403 1826 vctcri
1428 1787 1512 1826 nostra
1530 1779 1618 1826 nmlci-

379 1868 414 1916 tiu
432 1865 539 1915 consilio
558 1872 601 1912 tuo
620 1861 710 1925 juvero
734 1879 765 1912 ne
788 1877 891 1927 oprcrum
916 1873 941 1911 ct
959 1863 1043 1912 oleum
1062 1863 1087 1912 in
1106 1865 1136 1912 iis
1154 1864 1326 1914 describendis
1344 1873 1368 1913 ct
1386 1865 1544 1930 publicandis
1563 1881 1616 1928 per·

271 1941 273 1944 ¹
378 1957 445 2004 «lam.
482 1953 581 2002 Dabam
601 1952 708 2002 Lubecee
727 1953 765 2001 tx
785 1950 848 2014 Maji
868 1953 945 2002 Anno
964 1950 1130 2002 MDCXXV.

638 2145 666 2202 2.
701 2123 770 2199 'ma
791 2141 977 2200 JKiruhmoan
999 2144 1029 2198 tit
1050 2141 1150 2216 Hulper
1170 2141 1363 2201 Rosenkrunta

447 2284 506 2335 Non
517 2299 630 2346 possum,
648 2283 709 2346 quin
728 2281 772 2331 tibi
792 2273 928 2344 §ignifluum
947 2295 986 2330 mc
1004 2282 1045 2330 hic
1063 2280 1130 2331 inter
1149 2281 1234 2341 libros,
1252 2283 1294 2344 qui
1313 2284 1338 2332 iu
1352 2283 1504 2334 bibliotheca
1516 2284 1619 2350 publiea

381 2382 439 2422 ante
458 2383 555 2430 paucos
575 2385 656 2420 annos
673 2369 788 2420 instituta
806 2377 832 2417 et
850 2383 911 2417 mem
929 2367 985 2416 lirici
1004 2369 1146 2417 concredita
1158 2371 1331 2430 adservantur,
1349 2373 1471 2436 reperisse
1484 2371 1617 2420 historiam

379 2475 468 2524 regum
488 2457 708 2521 liumagicusinm,
726 2455 868 2519 aquodam
893 2457 1017 2505 monacho
1042 2457 1203 2512 Theodorico
1227 2457 1345 2522 scriptam
1366 2467 1392 2508 et
1410 2459 1556 2522 Augustino
1574 2457 1619 2508 lli·

379 2549 547 2600 drosieusium
572 2523 773 2609 Archiupiicopo
797 2546 941 2608 inscriptam
964 2557 1011 2593 nec
1034 2557 1085 2594 uon
1112 2545 1238 2609 Anonymi
1266 2545 1400 2608 cujusdam
1427 2555 1560 2596 tracturum
1588 2547 1618 2596 tie

380 2635 535 2699 proiectione
557 2635 687 2684 Danorum
712 2635 736 2682 in
763 2641 853 2684 terrum
876 2643 999 2684 sanctam.
1043 2628 1132 2696 Longe
1158 2635 1287 2698 antiquior
1312 2641 1350 2684 est
1376 2635 1419 2684 ille
1441 2633 1618 2685 Theudoricus

380 2725 507 2784 Cronium,
534 2725 576 2786 qui
601 2737 653 2788 prce
678 2723 727 2770 hoc
750 2721 824 2784 piune
851 2721 954 2770 eoniuse
981 2721 1110 2772 historiam
1134 2735 1223 2786 regum
1242 2721 1451 2784 liorragienuium
1475 2723 1575 2788 scripsit
1594 2733 1619 2771 et

380 2813 518 2862 mnximam
542 2819 637 2874 pnrtcm
662 2810 687 2860 in
710 2809 784 2860 rebus
807 2808 1013 2858 Norruannornm
1035 2809 1194 2872 explicandis
1216 2819 1354 2874 occupatus
1368 2819 1419 2880 get.
1461 2809 1488 2860 Si
1508 2811 1563 2868 tibi,
1578 2812 1620 2859 eir

380 2914 508 2965 generose,
531 2899 637 2948 historin
660 2899 712 2947 hmo
735 2897 830 2960 aliquid
853 2895 937 2946 iacere
958 2897 1120 2946 videaturad
1141 2896 1263 2959 majorum
1283 2905 1422 2946 vestrorum
1441 2913 1480 2946 ree
1502 2897 1620 2961 praclarc

379 2997 472 3052 gestes,
498 3001 555 3052 quse
577 2989 724 3050 scriptorum
749 2985 848 3035 deiecta
871 2985 994 3035 hacteuus
1021 2986 1045 3034 in
1073 2983 1180 3034 obscuro
1204 2986 1338 3042 latuerunt,
1366 2999 1467 3048 opernm
1494 2987 1570 3043 dubo,
1592 2995 1620 3034 ut

379 3085 484 3139 uterquc
503 3083 625 3125 tractatus
643 3075 725 3124 lucum
745 3075 837 3124 rident.
864 3073 939 3132 vato,
957 3075 1150 3136 generosissime
1172 3073 1280 3121 dominc.
1322 3071 1421 3122 Debnm
1441 3071 1548 3122 itubeca
1565 3073 1617 3123 XX

379 3163 433 3216 «lul.
454 3167 530 3216 Anno
549 3161 714 3214 Mucxxu

469 3357 497 3414 ³.
544 3355 602 3412 Flu
623 3353 809 3414 JKr'rehmunu
831 3354 860 3412 tii
880 3353 1042 3412 Konisicran
1066 3351 1198 3410 Chrhtitm
1223 3353 1295 3410 Friia
1316 3355 1347 3409 til
1366 3333 1521 3427 Krupcrup.

448 3493 634 3543 Constituerum
653 3493 730 3554 igitur
747 3491 793 3540 sub
812 3500 857 3540 tno
872 3491 963 3540 illustri
980 3491 1080 3540 nomine
1098 3489 1124 3539 iu
1144 3489 1272 3553 publicum
1291 3493 1362 3541 erlerc
1381 3493 1446 3542 duos
1465 3493 1537 3552 istos,
1556 3505 1618 3553 quos

376 3581 475 3638 ¹tilieti,
493 3580 593 3630 libellos
610 3593 717 3644 quorum
740 3577 804 3628 alter
827 3577 972 3628 continebat
991 3579 1122 3628 historiam
1141 3577 1240 3641 uliquot
1263 3593 1350 3643 regum
1372 3581 1449 3631 tlorr.
1469 3594 1484 3629 a
1501 3579 1618 3629 Theodo-

380 3671 432 3718 rico
451 3669 560 3732 quodam
581 3667 704 3716 monacho
718 3675 775 3716 onte
790 3666 988 3730 quadringentas
1006 3673 1034 3714 et
1051 3667 1186 3729 sexaginta
1200 3664 1467 3734 nuuoscunteriptam‚
1479 3669 1538 3722 alter
1560 3681 1619 3731 pro-

380 3755 514 3806 iectioucm
533 3757 665 3804 Dunorum
684 3755 709 3802 iu
728 3765 819 3802 terrum
837 3763 949 3802 sanctam
968 3753 1121 3816 temporibus
1134 3753 1228 3805 cunuti
1247 3757 1313 3820 rogis
1330 3759 1397 3807 circa
1415 3771 1508 3806 nouum
1521 3753 1619 3806 Christi

380 3837 560 3892 MCLXXXI'
577 3853 726 3904 susceptam.
762 3840 826 3892 Cum
845 3843 912 3890 cuim
931 3840 1038 3902 plurima
1056 3843 1081 3892 iu
1100 3842 1130 3892 iis
1149 3843 1316 3903 inveniantur,
1335 3859 1392 3908 qua
1405 3846 1438 3894 ed
1456 3843 1617 3893 illustrandas

380 3929 472 3978 Dunim
490 3924 678 3992 Norvagiaqnt
695 3928 862 3992 antiquitutes
886 3927 992 3987 iuciuut,
1016 3943 1099 3992 operm
1118 3943 1156 3978 me
1178 3931 1286 3994 pretium
1305 3947 1359 3982 esse
1378 3931 1503 3981 iacturum
1522 3931 1618 3994 putari,

417 4177 424 4208 ¹
449 4181 525 4232 Dissc
543 4182 683 4247 Excerptcr
700 4198 757 4232 mea
774 4183 940 4247 Modtugcreu
958 4183 1021 4234 hare
1039 4161 1149 4236 tiletillet
1164 4185 1261 4249 Holgur
1279 4184 1464 4244 Ruseukrauts,
1480 4185 1518 4234 titi
1537 4183 1619 4234 denua

449 4270 555 4334 modtog
567 4269 633 4319 Beer
651 4269 689 4322 irs
702 4271 780 4334 Koug
792 4271 921 4322 Christian
940 4269 1050 4330 (sirrerct
1069 4277 1099 4322 27
1119 4273 1199 4323 Marte
1219 4268 1304 4332 lost),
1324 4283 1369 4332 „ut
1387 4273 1497 4322 mitteret
1510 4271 1618 4322 liniver-

449 4357 517 4406 sitati
537 4357 674 4408 Hauniunsi
691 4357 786 4408 iudices
804 4369 830 4408 ct
848 4359 961 4422 capitula
983 4360 1104 4410 ilistorioe
1126 4359 1354 4424 Norwagieusium
1378 4373 1453 4422 quom
1477 4359 1501 4410 J.
1526 4357 1618 4408 Kirch-

449 4459 556 4496 mauuus
575 4446 658 4494 voluit
674 4446 701 4496 iu
718 4446 800 4496 lucum
819 4441 906 4498 udere“
924 4447 988 4508 lScr.
1011 4461 1058 4498 rer.
1080 4448 1149 4498 Dan.
1171 4447 1195 4496 V
1215 4452 1261 4497 811
1288 4446 1352 4497 citer
1370 4447 1439 4496 Acte
1455 4446 1512 4498 Soc.
1536 4447 1619 4510 lndag

449 4531 634 4582 Hauuisuaium
654 4547 677 4598 p.
697 4531 766 4594 461).

418 4615 428 4648 ’
452 4617 552 4670 riatnoh
570 4617 685 4687 Tryklcil
702 4619 743 4672 ior
761 4621 953 4674 Mctxxxxt
972 4629 999 4674 ³2
1023 4627 1093 4674 titt.
