<?xml version="1.0" encoding="UTF-8"?>
<!DOCTYPE html PUBLIC "-//W3C//DTD XHTML 1.0 Transitional//EN"
    "http://www.w3.org/TR/xhtml1/DTD/xhtml1-transitional.dtd">
<html xmlns="http://www.w3.org/1999/xhtml" xml:lang="en" lang="en">
 <head>
  <title>
</title>
<meta http-equiv="Content-Type" content="text/html;charset=utf-8" />
  <meta name='ocr-system' content='tesseract 3.04.00' />
  <meta name='ocr-capabilities' content='ocr_page ocr_carea ocr_par ocr_line ocrx_word'/>
</head>
<body>
  <div class='ocr_page' id='page_1' title='image "./monumentahistor01storgoog/monumentahistor01storgoog_0359.png"; bbox 0 0 3640 5342; ppageno 0'>
   <div class='ocr_carea' id='block_1_1' title="bbox 1400 331 1462 392">
    <p class='ocr_par' dir='ltr' id='par_1_1' title="bbox 1400 331 1462 392">
     <span class='ocr_line' id='line_1_1' title="bbox 1400 331 1462 392; baseline -0.016 0"><span class='ocrx_word' id='word_1_1' title='bbox 1400 331 1462 392; x_wconf 76' lang='lat'><strong>2⁷9</strong></span> 
     </span>
    </p>
   </div>
   <div class='ocr_carea' id='block_1_2' title="bbox 154 508 1540 4694">
    <p class='ocr_par' dir='ltr' id='par_1_2' title="bbox 154 508 1540 4166">
     <span class='ocr_line' id='line_1_2' title="bbox 223 508 1463 592; baseline -0.002 -16"><span class='ocrx_word' id='word_1_2' title='bbox 223 511 277 591; x_wconf 86' lang='lat' dir='ltr'><strong>qui</strong></span> <span class='ocrx_word' id='word_1_3' title='bbox 300 527 337 580; x_wconf 87' lang='lat' dir='ltr'><strong>se</strong></span> <span class='ocrx_word' id='word_1_4' title='bbox 356 508 508 592; x_wconf 78' lang='lat' dir='ltr'><strong>primitus</strong></span> <span class='ocrx_word' id='word_1_5' title='bbox 532 510 729 576; x_wconf 78' lang='lat' dir='ltr'><strong>ostenderet.</strong></span> <span class='ocrx_word' id='word_1_6' title='bbox 772 509 860 576; x_wconf 89' lang='lat' dir='ltr'><strong>Tunc</strong></span> <span class='ocrx_word' id='word_1_7' title='bbox 882 512 951 578; x_wconf 91' lang='lat' dir='ltr'><strong>eius</strong></span> <span class='ocrx_word' id='word_1_8' title='bbox 973 529 1145 592; x_wconf 85' lang='lat' dir='ltr'><strong>germanus</strong></span> <span class='ocrx_word' id='word_1_9' title='bbox 1174 509 1253 577; x_wconf 89' lang='lat' dir='ltr'><strong>iecit</strong></span> <span class='ocrx_word' id='word_1_10' title='bbox 1281 510 1388 576; x_wconf 87' lang='lat' dir='ltr'><strong>ornari</strong></span> <span class='ocrx_word' id='word_1_11' title='bbox 1415 510 1463 575; x_wconf 93' lang='lat' dir='ltr'><strong>di·</strong></span> 
     </span>
     <span class='ocr_line' id='line_1_3' title="bbox 223 613 1462 698; baseline 0 -18"><span class='ocrx_word' id='word_1_12' title='bbox 223 631 337 681; x_wconf 88' lang='lat' dir='ltr'><strong>uersas</strong></span> <span class='ocrx_word' id='word_1_13' title='bbox 360 632 462 681; x_wconf 82' lang='lat' dir='ltr'><strong>nunes</strong></span> <span class='ocrx_word' id='word_1_14' title='bbox 487 631 619 696; x_wconf 83' lang='lat' dir='ltr'><strong>mugnus</strong></span> <span class='ocrx_word' id='word_1_15' title='bbox 638 633 709 680; x_wconf 90' lang='lat' dir='ltr'><strong>cum</strong></span> <span class='ocrx_word' id='word_1_16' title='bbox 728 633 849 698; x_wconf 86' lang='lat' dir='ltr'><strong>pompa</strong></span> <span class='ocrx_word' id='word_1_17' title='bbox 865 616 1013 682; x_wconf 79' lang='lat' dir='ltr'><strong>maxima.</strong></span> <span class='ocrx_word' id='word_1_18' title='bbox 1037 615 1175 682; x_wconf 89' lang='lat' dir='ltr'><strong>tendens</strong></span> <span class='ocrx_word' id='word_1_19' title='bbox 1197 633 1311 682; x_wconf 86' lang='lat' dir='ltr'><strong>uersus</strong></span> <span class='ocrx_word' id='word_1_20' title='bbox 1336 613 1462 680; x_wconf 87' lang='lat' dir='ltr'><strong>daciam</strong></span> 
     </span>
     <span class='ocr_line' id='line_1_4' title="bbox 223 718 1462 804; baseline 0.002 -20"><span class='ocrx_word' id='word_1_21' title='bbox 223 719 346 785; x_wconf 89' lang='lat' dir='ltr'><strong>Beatus</strong></span> <span class='ocrx_word' id='word_1_22' title='bbox 381 737 460 786; x_wconf 89' lang='lat' dir='ltr'><strong>uero</strong></span> <span class='ocrx_word' id='word_1_23' title='bbox 491 718 613 786; x_wconf 85' lang='lat' dir='ltr'><strong>Olenus</strong></span> <span class='ocrx_word' id='word_1_24' title='bbox 646 737 769 802; x_wconf 87' lang='lat' dir='ltr'><strong>ponens</strong></span> <span class='ocrx_word' id='word_1_25' title='bbox 800 738 837 788; x_wconf 91' lang='lat' dir='ltr'><strong>se</strong></span> <span class='ocrx_word' id='word_1_26' title='bbox 866 721 899 786; x_wconf 93' lang='lat' dir='ltr'><strong>in</strong></span> <span class='ocrx_word' id='word_1_27' title='bbox 930 720 1081 788; x_wconf 87' lang='lat' dir='ltr'><strong>nauicula</strong></span> <span class='ocrx_word' id='word_1_28' title='bbox 1103 741 1206 804; x_wconf 83' lang='lat' dir='ltr'><strong>parua</strong></span> <span class='ocrx_word' id='word_1_29' title='bbox 1228 721 1353 803; x_wconf 79' lang='lat' dir='ltr'><strong>absque</strong></span> <span class='ocrx_word' id='word_1_30' title='bbox 1376 720 1462 786; x_wconf 90' lang='lat' dir='ltr'><strong>omni</strong></span> 
     </span>
     <span class='ocr_line' id='line_1_5' title="bbox 222 821 1462 906; baseline 0.003 -18"><span class='ocrx_word' id='word_1_31' title='bbox 222 821 363 890; x_wconf 85' lang='lat' dir='ltr'><strong>humano</strong></span> <span class='ocrx_word' id='word_1_32' title='bbox 386 824 543 892; x_wconf 87' lang='lat' dir='ltr'><strong>subsidio.</strong></span> <span class='ocrx_word' id='word_1_33' title='bbox 567 823 658 890; x_wconf 90' lang='lat' dir='ltr'><strong>uenit</strong></span> <span class='ocrx_word' id='word_1_34' title='bbox 679 825 794 906; x_wconf 86' lang='lat' dir='ltr'><strong>angelo</strong></span> <span class='ocrx_word' id='word_1_35' title='bbox 818 826 899 892; x_wconf 89' lang='lat' dir='ltr'><strong>duce</strong></span> <span class='ocrx_word' id='word_1_36' title='bbox 922 827 1010 891; x_wconf 82' lang='lat' dir='ltr'><strong>iuxta</strong></span> <span class='ocrx_word' id='word_1_37' title='bbox 1035 827 1190 890; x_wconf 80' lang='lat' dir='ltr'><strong>nrouimcs</strong></span> <span class='ocrx_word' id='word_1_38' title='bbox 1215 831 1342 892; x_wconf 87' lang='lat' dir='ltr'><strong>montes</strong></span> <span class='ocrx_word' id='word_1_39' title='bbox 1365 844 1462 892; x_wconf 84' lang='lat' dir='ltr'><strong>uoca-</strong></span> 
     </span>
     <span class='ocr_line' id='line_1_6' title="bbox 174 928 1462 1013; baseline 0.002 -18"><span class='ocrx_word' id='word_1_40' title='bbox 174 937 188 982; x_wconf 71' lang='lat' dir='ltr'><strong>-t</strong></span> <span class='ocrx_word' id='word_1_41' title='bbox 224 933 276 995; x_wconf 87' lang='lat' dir='ltr'><strong>tos</strong></span> <span class='ocrx_word' id='word_1_42' title='bbox 299 928 463 995; x_wconf 89' lang='lat' dir='ltr'><strong>desontes.</strong></span> <span class='ocrx_word' id='word_1_43' title='bbox 488 929 669 996; x_wconf 81' lang='lat' dir='ltr'><strong>existentes</strong></span> <span class='ocrx_word' id='word_1_44' title='bbox 687 931 719 996; x_wconf 92' lang='lat' dir='ltr'><strong>in</strong></span> <span class='ocrx_word' id='word_1_45' title='bbox 737 931 817 996; x_wconf 86' lang='lat' dir='ltr'><strong>mari</strong></span> <span class='ocrx_word' id='word_1_46' title='bbox 841 932 926 996; x_wconf 91' lang='lat' dir='ltr'><strong>inter</strong></span> <span class='ocrx_word' id='word_1_47' title='bbox 954 929 1150 1013; x_wconf 80' lang='lat' dir='ltr'><strong>norwegiam</strong></span> <span class='ocrx_word' id='word_1_48' title='bbox 1173 935 1206 996; x_wconf 89' lang='lat' dir='ltr'><strong>et</strong></span> <span class='ocrx_word' id='word_1_49' title='bbox 1229 931 1364 997; x_wconf 86' lang='lat' dir='ltr'><strong>daciam.</strong></span> <span class='ocrx_word' id='word_1_50' title='bbox 1399 931 1462 1009; x_wconf 86' lang='lat' dir='ltr'><strong>Qui</strong></span> 
     </span>
     <span class='ocr_line' id='line_1_7' title="bbox 223 1035 1461 1118; baseline 0 -18"><span class='ocrx_word' id='word_1_51' title='bbox 223 1037 350 1101; x_wconf 88' lang='lat' dir='ltr'><strong>montes</strong></span> <span class='ocrx_word' id='word_1_52' title='bbox 374 1035 445 1117; x_wconf 86' lang='lat' dir='ltr'><strong>ipso</strong></span> <span class='ocrx_word' id='word_1_53' title='bbox 468 1040 583 1101; x_wconf 88' lang='lat' dir='ltr'><strong>orente</strong></span> <span class='ocrx_word' id='word_1_54' title='bbox 612 1051 648 1102; x_wconf 89' lang='lat' dir='ltr'><strong>se</strong></span> <span class='ocrx_word' id='word_1_55' title='bbox 679 1035 859 1102; x_wconf 88' lang='lat' dir='ltr'><strong>diviserunt</strong></span> <span class='ocrx_word' id='word_1_56' title='bbox 878 1054 938 1118; x_wconf 85' lang='lat' dir='ltr'><strong>per</strong></span> <span class='ocrx_word' id='word_1_57' title='bbox 959 1035 1124 1117; x_wconf 80' lang='lat' dir='ltr'><strong>quoddam</strong></span> <span class='ocrx_word' id='word_1_58' title='bbox 1148 1035 1301 1102; x_wconf 83' lang='lat' dir='ltr'><strong>foramen.</strong></span> <span class='ocrx_word' id='word_1_59' title='bbox 1324 1035 1461 1116; x_wconf 87' lang='lat' dir='ltr'><strong>angelus</strong></span> 
     </span>
     <span class='ocr_line' id='line_1_8' title="bbox 222 1138 1463 1222; baseline 0 -18"><span class='ocrx_word' id='word_1_60' title='bbox 222 1138 326 1222; x_wconf 83' lang='lat' dir='ltr'><strong>ipsum</strong></span> <span class='ocrx_word' id='word_1_61' title='bbox 350 1139 390 1206; x_wconf 90' lang='lat' dir='ltr'><strong>ad</strong></span> <span class='ocrx_word' id='word_1_62' title='bbox 419 1140 544 1206; x_wconf 88' lang='lat' dir='ltr'><strong>daciam</strong></span> <span class='ocrx_word' id='word_1_63' title='bbox 573 1159 632 1222; x_wconf 86' lang='lat' dir='ltr'><strong>per</strong></span> <span class='ocrx_word' id='word_1_64' title='bbox 661 1159 804 1206; x_wconf 90' lang='lat' dir='ltr'><strong>mensem</strong></span> <span class='ocrx_word' id='word_1_65' title='bbox 835 1146 1008 1222; x_wconf 77' lang='lat' dir='ltr'><strong>antequam</strong></span> <span class='ocrx_word' id='word_1_66' title='bbox 1037 1157 1208 1220; x_wconf 88' lang='lat' dir='ltr'><strong>germanus</strong></span> <span class='ocrx_word' id='word_1_67' title='bbox 1231 1157 1309 1206; x_wconf 90' lang='lat' dir='ltr'><strong>suus</strong></span> <span class='ocrx_word' id='word_1_68' title='bbox 1332 1139 1463 1206; x_wconf 88' lang='lat' dir='ltr'><strong>adveni·</strong></span> 
     </span>
     <span class='ocr_line' id='line_1_9' title="bbox 223 1243 1460 1313; baseline -0.001 -4"><span class='ocrx_word' id='word_1_69' title='bbox 223 1248 273 1310; x_wconf 91' lang='lat' dir='ltr'><strong>ret</strong></span> <span class='ocrx_word' id='word_1_70' title='bbox 295 1244 438 1311; x_wconf 85' lang='lat' dir='ltr'><strong>adduxit.</strong></span> <span class='ocrx_word' id='word_1_71' title='bbox 490 1245 578 1312; x_wconf 85' lang='lat' dir='ltr'><strong>Tunc</strong></span> <span class='ocrx_word' id='word_1_72' title='bbox 601 1247 723 1313; x_wconf 82' lang='lat' dir='ltr'><strong>Beatus</strong></span> <span class='ocrx_word' id='word_1_73' title='bbox 748 1247 870 1313; x_wconf 87' lang='lat' dir='ltr'><strong>Olenus</strong></span> <span class='ocrx_word' id='word_1_74' title='bbox 894 1247 1001 1311; x_wconf 91' lang='lat' dir='ltr'><strong>orauit</strong></span> <span class='ocrx_word' id='word_1_75' title='bbox 1024 1245 1186 1310; x_wconf 89' lang='lat' dir='ltr'><strong>dominum</strong></span> <span class='ocrx_word' id='word_1_76' title='bbox 1207 1249 1244 1308; x_wconf 93' lang='lat' dir='ltr'><strong>ut</strong></span> <span class='ocrx_word' id='word_1_77' title='bbox 1265 1244 1305 1310; x_wconf 89' lang='lat' dir='ltr'><strong>de</strong></span> <span class='ocrx_word' id='word_1_78' title='bbox 1331 1261 1392 1309; x_wconf 89' lang='lat' dir='ltr'><strong>sua</strong></span> <span class='ocrx_word' id='word_1_79' title='bbox 1412 1243 1460 1309; x_wconf 92' lang='lat' dir='ltr'><strong>in·</strong></span> 
     </span>
     <span class='ocr_line' id='line_1_10' title="bbox 221 1348 1462 1433; baseline -0.002 -18"><span class='ocrx_word' id='word_1_80' title='bbox 221 1349 312 1416; x_wconf 85' lang='lat' dir='ltr'><strong>finita</strong></span> <span class='ocrx_word' id='word_1_81' title='bbox 346 1350 569 1417; x_wconf 88' lang='lat' dir='ltr'><strong>misericordia</strong></span> <span class='ocrx_word' id='word_1_82' title='bbox 600 1351 697 1418; x_wconf 88' lang='lat' dir='ltr'><strong>telem</strong></span> <span class='ocrx_word' id='word_1_83' title='bbox 728 1351 865 1433; x_wconf 86' lang='lat' dir='ltr'><strong>gratiam</strong></span> <span class='ocrx_word' id='word_1_84' title='bbox 893 1370 928 1416; x_wconf 90' lang='lat' dir='ltr'><strong>se</strong></span> <span class='ocrx_word' id='word_1_85' title='bbox 958 1350 1189 1417; x_wconf 81' lang='lat' dir='ltr'><strong>innocentibus</strong></span> <span class='ocrx_word' id='word_1_86' title='bbox 1212 1355 1246 1414; x_wconf 92' lang='lat' dir='ltr'><strong>et</strong></span> <span class='ocrx_word' id='word_1_87' title='bbox 1267 1353 1338 1415; x_wconf 93' lang='lat' dir='ltr'><strong>toto</strong></span> <span class='ocrx_word' id='word_1_88' title='bbox 1362 1348 1462 1416; x_wconf 91' lang='lat' dir='ltr'><strong>corde</strong></span> 
     </span>
     <span class='ocr_line' id='line_1_11' title="bbox 159 1453 1461 1539; baseline -0.002 -17"><span class='ocrx_word' id='word_1_89' title='bbox 159 1459 187 1504; x_wconf 86' lang='lat'><strong>¹⁰</strong></span> <span class='ocrx_word' id='word_1_90' title='bbox 222 1454 256 1522; x_wconf 90' lang='lat' dir='ltr'><strong>iu</strong></span> <span class='ocrx_word' id='word_1_91' title='bbox 290 1454 352 1522; x_wconf 91' lang='lat' dir='ltr'><strong>deo</strong></span> <span class='ocrx_word' id='word_1_92' title='bbox 384 1454 622 1522; x_wconf 85' lang='lat' dir='ltr'><strong>confidentibus</strong></span> <span class='ocrx_word' id='word_1_93' title='bbox 654 1457 853 1525; x_wconf 89' lang='lat' dir='ltr'><strong>ostenderet.</strong></span> <span class='ocrx_word' id='word_1_94' title='bbox 885 1456 972 1539; x_wconf 92' lang='lat' dir='ltr'><strong>quod</strong></span> <span class='ocrx_word' id='word_1_95' title='bbox 1003 1457 1088 1521; x_wconf 88' lang='lat' dir='ltr'><strong>omni</strong></span> <span class='ocrx_word' id='word_1_96' title='bbox 1114 1473 1197 1521; x_wconf 90' lang='lat' dir='ltr'><strong>anno</strong></span> <span class='ocrx_word' id='word_1_97' title='bbox 1220 1453 1356 1538; x_wconf 87' lang='lat' dir='ltr'><strong>speciali</strong></span> <span class='ocrx_word' id='word_1_98' title='bbox 1378 1459 1461 1519; x_wconf 86' lang='lat' dir='ltr'><strong>tenn-</strong></span> 
     </span>
     <span class='ocr_line' id='line_1_12' title="bbox 221 1558 1462 1644; baseline -0.002 -18"><span class='ocrx_word' id='word_1_99' title='bbox 221 1579 301 1643; x_wconf 87' lang='lat' dir='ltr'><strong>pore</strong></span> <span class='ocrx_word' id='word_1_100' title='bbox 322 1560 391 1626; x_wconf 93' lang='lat' dir='ltr'><strong>suis</strong></span> <span class='ocrx_word' id='word_1_101' title='bbox 414 1560 540 1626; x_wconf 91' lang='lat' dir='ltr'><strong>meritis</strong></span> <span class='ocrx_word' id='word_1_102' title='bbox 564 1558 609 1625; x_wconf 89' lang='lat' dir='ltr'><strong>ibi</strong></span> <span class='ocrx_word' id='word_1_103' title='bbox 631 1561 739 1644; x_wconf 86' lang='lat' dir='ltr'><strong>pisces</strong></span> <span class='ocrx_word' id='word_1_104' title='bbox 768 1567 801 1628; x_wconf 90' lang='lat' dir='ltr'><strong>et</strong></span> <span class='ocrx_word' id='word_1_105' title='bbox 823 1563 914 1629; x_wconf 81' lang='lat' dir='ltr'><strong>aleca</strong></span> <span class='ocrx_word' id='word_1_106' title='bbox 937 1567 1151 1644; x_wconf 79' lang='lat' dir='ltr'><strong>congregaret</strong></span> <span class='ocrx_word' id='word_1_107' title='bbox 1174 1580 1212 1625; x_wconf 88' lang='lat' dir='ltr'><strong>ex</strong></span> <span class='ocrx_word' id='word_1_108' title='bbox 1235 1559 1353 1642; x_wconf 89' lang='lat' dir='ltr'><strong>quibus</strong></span> <span class='ocrx_word' id='word_1_109' title='bbox 1373 1563 1462 1624; x_wconf 91' lang='lat' dir='ltr'><strong>totus</strong></span> 
     </span>
     <span class='ocr_line' id='line_1_13' title="bbox 221 1664 1461 1750; baseline 0 -20"><span class='ocrx_word' id='word_1_110' title='bbox 221 1665 361 1730; x_wconf 90' lang='lat' dir='ltr'><strong>mundus</strong></span> <span class='ocrx_word' id='word_1_111' title='bbox 392 1665 515 1732; x_wconf 88' lang='lat' dir='ltr'><strong>uictum</strong></span> <span class='ocrx_word' id='word_1_112' title='bbox 550 1684 645 1732; x_wconf 92' lang='lat' dir='ltr'><strong>suum</strong></span> <span class='ocrx_word' id='word_1_113' title='bbox 679 1673 820 1750; x_wconf 87' lang='lat' dir='ltr'><strong>caperet.</strong></span> <span class='ocrx_word' id='word_1_114' title='bbox 877 1667 970 1746; x_wconf 85' lang='lat' dir='ltr'><strong>Quod</strong></span> <span class='ocrx_word' id='word_1_115' title='bbox 997 1669 1043 1732; x_wconf 90' lang='lat' dir='ltr'><strong>ita</strong></span> <span class='ocrx_word' id='word_1_116' title='bbox 1066 1666 1186 1732; x_wconf 85' lang='lat' dir='ltr'><strong>fectum</strong></span> <span class='ocrx_word' id='word_1_117' title='bbox 1210 1672 1244 1731; x_wconf 89' lang='lat' dir='ltr'><strong>et</strong></span> <span class='ocrx_word' id='word_1_118' title='bbox 1265 1664 1461 1747; x_wconf 84' lang='lat' dir='ltr'><strong>completum</strong></span> 
     </span>
     <span class='ocr_line' id='line_1_14' title="bbox 221 1769 1461 1856; baseline -0.002 -20"><span class='ocrx_word' id='word_1_119' title='bbox 221 1775 273 1836; x_wconf 90' lang='lat' dir='ltr'><strong>est</strong></span> <span class='ocrx_word' id='word_1_120' title='bbox 301 1777 337 1836; x_wconf 92' lang='lat' dir='ltr'><strong>ut</strong></span> <span class='ocrx_word' id='word_1_121' title='bbox 366 1771 472 1838; x_wconf 88' lang='lat' dir='ltr'><strong>adhuc</strong></span> <span class='ocrx_word' id='word_1_122' title='bbox 500 1771 588 1836; x_wconf 93' lang='lat' dir='ltr'><strong>omni</strong></span> <span class='ocrx_word' id='word_1_123' title='bbox 617 1789 701 1837; x_wconf 88' lang='lat' dir='ltr'><strong>anno</strong></span> <span class='ocrx_word' id='word_1_124' title='bbox 725 1777 870 1856; x_wconf 86' lang='lat' dir='ltr'><strong>apparet.</strong></span> <span class='ocrx_word' id='word_1_125' title='bbox 917 1773 1057 1838; x_wconf 86' lang='lat' dir='ltr'><strong>Veniens</strong></span> <span class='ocrx_word' id='word_1_126' title='bbox 1081 1789 1158 1852; x_wconf 90' lang='lat' dir='ltr'><strong>ergo</strong></span> <span class='ocrx_word' id='word_1_127' title='bbox 1181 1775 1314 1836; x_wconf 88' lang='lat' dir='ltr'><strong>sanctus</strong></span> <span class='ocrx_word' id='word_1_128' title='bbox 1338 1769 1461 1836; x_wconf 86' lang='lat' dir='ltr'><strong>Olsuus</strong></span> 
     </span>
     <span class='ocr_line' id='line_1_15' title="bbox 223 1875 1462 1960; baseline 0.001 -21"><span class='ocrx_word' id='word_1_129' title='bbox 223 1880 259 1939; x_wconf 93' lang='lat' dir='ltr'><strong>ut</strong></span> <span class='ocrx_word' id='word_1_130' title='bbox 290 1893 424 1958; x_wconf 82' lang='lat' dir='ltr'><strong>regnum</strong></span> <span class='ocrx_word' id='word_1_131' title='bbox 464 1875 555 1944; x_wconf 82' lang='lat' dir='ltr'><strong>dacis</strong></span> <span class='ocrx_word' id='word_1_132' title='bbox 594 1876 658 1942; x_wconf 89' lang='lat' dir='ltr'><strong>sibi</strong></span> <span class='ocrx_word' id='word_1_133' title='bbox 692 1877 847 1944; x_wconf 90' lang='lat' dir='ltr'><strong>diuinitus</strong></span> <span class='ocrx_word' id='word_1_134' title='bbox 887 1877 1078 1960; x_wconf 89' lang='lat' dir='ltr'><strong>promissum</strong></span> <span class='ocrx_word' id='word_1_135' title='bbox 1118 1881 1315 1958; x_wconf 80' lang='lat' dir='ltr'><strong>acceptaret.</strong></span> <span class='ocrx_word' id='word_1_136' title='bbox 1349 1891 1462 1940; x_wconf 90' lang='lat' dir='ltr'><strong>omnes</strong></span> 
     </span>
     <span class='ocr_line' id='line_1_16' title="bbox 156 1979 1540 2066; baseline 0.002 -26"><span class='ocrx_word' id='word_1_137' title='bbox 156 1997 186 2040; x_wconf 83' lang='lat' dir='ltr'><strong>rs</strong></span> <span class='ocrx_word' id='word_1_138' title='bbox 221 1996 377 2062; x_wconf 77' lang='lat' dir='ltr'><strong>campane</strong></span> <span class='ocrx_word' id='word_1_139' title='bbox 398 1981 500 2048; x_wconf 89' lang='lat' dir='ltr'><strong>totius</strong></span> <span class='ocrx_word' id='word_1_140' title='bbox 522 1984 613 2066; x_wconf 86' lang='lat' dir='ltr'><strong>regni</strong></span> <span class='ocrx_word' id='word_1_141' title='bbox 635 2001 751 2066; x_wconf 86' lang='lat' dir='ltr'><strong>perse</strong></span> <span class='ocrx_word' id='word_1_142' title='bbox 774 1983 905 2066; x_wconf 87' lang='lat' dir='ltr'><strong>pulsare</strong></span> <span class='ocrx_word' id='word_1_143' title='bbox 928 1983 1120 2064; x_wconf 84' lang='lat' dir='ltr'><strong>inceperunt</strong></span> <span class='ocrx_word' id='word_1_144' title='bbox 1149 1981 1220 2047; x_wconf 89' lang='lat' dir='ltr'><strong>Hoc</strong></span> <span class='ocrx_word' id='word_1_145' title='bbox 1248 1980 1333 2060; x_wconf 84' lang='lat' dir='ltr'><strong>idem</strong></span> <span class='ocrx_word' id='word_1_146' title='bbox 1362 1979 1460 2046; x_wconf 88' lang='lat' dir='ltr'><strong>etium</strong></span> <span class='ocrx_word' id='word_1_147' title='bbox 1537 2003 1540 2008; x_wconf 89' lang='lat'><em>·</em></span> 
     </span>
     <span class='ocr_line' id='line_1_17' title="bbox 219 2083 1461 2155; baseline -0.003 -3"><span class='ocrx_word' id='word_1_148' title='bbox 219 2083 340 2153; x_wconf 86' lang='lat' dir='ltr'><strong>iactum</strong></span> <span class='ocrx_word' id='word_1_149' title='bbox 364 2095 415 2155; x_wconf 93' lang='lat' dir='ltr'><strong>est</strong></span> <span class='ocrx_word' id='word_1_150' title='bbox 437 2105 476 2154; x_wconf 90' lang='lat' dir='ltr'><strong>eo</strong></span> <span class='ocrx_word' id='word_1_151' title='bbox 499 2092 686 2155; x_wconf 89' lang='lat' dir='ltr'><strong>reuertente</strong></span> <span class='ocrx_word' id='word_1_152' title='bbox 709 2086 750 2154; x_wconf 91' lang='lat' dir='ltr'><strong>de</strong></span> <span class='ocrx_word' id='word_1_153' title='bbox 772 2088 881 2154; x_wconf 86' lang='lat' dir='ltr'><strong>ruscia</strong></span> <span class='ocrx_word' id='word_1_154' title='bbox 903 2088 943 2153; x_wconf 87' lang='lat' dir='ltr'><strong>ab</strong></span> <span class='ocrx_word' id='word_1_155' title='bbox 968 2086 1063 2152; x_wconf 85' lang='lat' dir='ltr'><strong>exilio</strong></span> <span class='ocrx_word' id='word_1_156' title='bbox 1087 2085 1273 2152; x_wconf 84' lang='lat' dir='ltr'><strong>induciam.</strong></span> <span class='ocrx_word' id='word_1_157' title='bbox 1324 2084 1461 2150; x_wconf 84' lang='lat' dir='ltr'><strong>Domum</strong></span> 
     </span>
     <span class='ocr_line' id='line_1_18' title="bbox 220 2189 1461 2276; baseline -0.004 -18"><span class='ocrx_word' id='word_1_158' title='bbox 220 2198 396 2259; x_wconf 87' lang='lat' dir='ltr'><strong>coronatus</strong></span> <span class='ocrx_word' id='word_1_159' title='bbox 417 2199 468 2260; x_wconf 88' lang='lat' dir='ltr'><strong>est</strong></span> <span class='ocrx_word' id='word_1_160' title='bbox 497 2193 530 2259; x_wconf 90' lang='lat' dir='ltr'><strong>in</strong></span> <span class='ocrx_word' id='word_1_161' title='bbox 560 2193 654 2260; x_wconf 85' lang='lat' dir='ltr'><strong>dacia</strong></span> <span class='ocrx_word' id='word_1_162' title='bbox 676 2211 747 2259; x_wconf 91' lang='lat' dir='ltr'><strong>cum</strong></span> <span class='ocrx_word' id='word_1_163' title='bbox 771 2211 888 2275; x_wconf 90' lang='lat' dir='ltr'><strong>magno</strong></span> <span class='ocrx_word' id='word_1_164' title='bbox 911 2193 1035 2260; x_wconf 88' lang='lat' dir='ltr'><strong>bonore</strong></span> <span class='ocrx_word' id='word_1_165' title='bbox 1057 2194 1128 2276; x_wconf 83' lang='lat' dir='ltr'><strong>ipse</strong></span> <span class='ocrx_word' id='word_1_166' title='bbox 1152 2209 1229 2258; x_wconf 91' lang='lat' dir='ltr'><strong>uero</strong></span> <span class='ocrx_word' id='word_1_167' title='bbox 1253 2206 1317 2256; x_wconf 93' lang='lat' dir='ltr'><strong>non</strong></span> <span class='ocrx_word' id='word_1_168' title='bbox 1341 2189 1461 2256; x_wconf 88' lang='lat' dir='ltr'><strong>oblitus</strong></span> 
     </span>
     <span class='ocr_line' id='line_1_19' title="bbox 219 2295 1461 2378; baseline -0.002 -16"><span class='ocrx_word' id='word_1_169' title='bbox 219 2297 357 2378; x_wconf 89' lang='lat' dir='ltr'><strong>gratiam</strong></span> <span class='ocrx_word' id='word_1_170' title='bbox 379 2316 400 2362; x_wconf 90' lang='lat' dir='ltr'><strong>a</strong></span> <span class='ocrx_word' id='word_1_171' title='bbox 421 2299 483 2364; x_wconf 88' lang='lat' dir='ltr'><strong>deo</strong></span> <span class='ocrx_word' id='word_1_172' title='bbox 515 2298 579 2364; x_wconf 88' lang='lat' dir='ltr'><strong>sibi</strong></span> <span class='ocrx_word' id='word_1_173' title='bbox 610 2297 718 2364; x_wconf 85' lang='lat' dir='ltr'><strong>datum</strong></span> <span class='ocrx_word' id='word_1_174' title='bbox 741 2297 879 2364; x_wconf 89' lang='lat' dir='ltr'><strong>uerbum</strong></span> <span class='ocrx_word' id='word_1_175' title='bbox 903 2297 955 2365; x_wconf 89' lang='lat' dir='ltr'><strong>dei</strong></span> <span class='ocrx_word' id='word_1_176' title='bbox 979 2316 1051 2364; x_wconf 90' lang='lat' dir='ltr'><strong>cum</strong></span> <span class='ocrx_word' id='word_1_177' title='bbox 1075 2297 1213 2362; x_wconf 77' lang='lat' dir='ltr'><strong>maximo</strong></span> <span class='ocrx_word' id='word_1_178' title='bbox 1236 2295 1366 2362; x_wconf 84' lang='lat' dir='ltr'><strong>feruore</strong></span> <span class='ocrx_word' id='word_1_179' title='bbox 1387 2314 1461 2378; x_wconf 85' lang='lat' dir='ltr'><strong>pre·</strong></span> 
     </span>
     <span class='ocr_line' id='line_1_20' title="bbox 221 2400 1462 2484; baseline -0.001 -18"><span class='ocrx_word' id='word_1_180' title='bbox 221 2401 331 2468; x_wconf 88' lang='lat' dir='ltr'><strong>dicare</strong></span> <span class='ocrx_word' id='word_1_181' title='bbox 364 2403 460 2484; x_wconf 90' lang='lat' dir='ltr'><strong>cepit.</strong></span> <span class='ocrx_word' id='word_1_182' title='bbox 495 2407 530 2468; x_wconf 90' lang='lat' dir='ltr'><strong>et</strong></span> <span class='ocrx_word' id='word_1_183' title='bbox 561 2403 681 2469; x_wconf 87' lang='lat' dir='ltr'><strong>multas</strong></span> <span class='ocrx_word' id='word_1_184' title='bbox 714 2401 838 2468; x_wconf 87' lang='lat' dir='ltr'><strong>animas</strong></span> <span class='ocrx_word' id='word_1_185' title='bbox 867 2419 926 2484; x_wconf 84' lang='lat' dir='ltr'><strong>per</strong></span> <span class='ocrx_word' id='word_1_186' title='bbox 953 2419 1030 2467; x_wconf 88' lang='lat' dir='ltr'><strong>suos</strong></span> <span class='ocrx_word' id='word_1_187' title='bbox 1053 2418 1221 2467; x_wconf 88' lang='lat' dir='ltr'><strong>sermones</strong></span> <span class='ocrx_word' id='word_1_188' title='bbox 1244 2406 1278 2466; x_wconf 93' lang='lat' dir='ltr'><strong>et</strong></span> <span class='ocrx_word' id='word_1_189' title='bbox 1305 2400 1462 2467; x_wconf 87' lang='lat' dir='ltr'><strong>miracula</strong></span> 
     </span>
     <span class='ocr_line' id='line_1_21' title="bbox 154 2503 1460 2590; baseline -0.002 -16"><span class='ocrx_word' id='word_1_190' title='bbox 154 2519 186 2563; x_wconf 59' lang='grc' dir='ltr'><strong>*υ</strong></span> <span class='ocrx_word' id='word_1_191' title='bbox 222 2505 407 2590; x_wconf 79' lang='lat' dir='ltr'><strong>scquisiuit.</strong></span> <span class='ocrx_word' id='word_1_192' title='bbox 451 2507 539 2574; x_wconf 86' lang='lat' dir='ltr'><strong>Tunc</strong></span> <span class='ocrx_word' id='word_1_193' title='bbox 562 2507 719 2590; x_wconf 83' lang='lat' dir='ltr'><strong>dyabolus</strong></span> <span class='ocrx_word' id='word_1_194' title='bbox 742 2524 930 2588; x_wconf 87' lang='lat' dir='ltr'><strong>germanum</strong></span> <span class='ocrx_word' id='word_1_195' title='bbox 953 2507 1041 2573; x_wconf 87' lang='lat' dir='ltr'><strong>beati</strong></span> <span class='ocrx_word' id='word_1_196' title='bbox 1065 2505 1160 2573; x_wconf 83' lang='lat' dir='ltr'><strong>Olaui</strong></span> <span class='ocrx_word' id='word_1_197' title='bbox 1182 2503 1364 2588; x_wconf 87' lang='lat' dir='ltr'><strong>possidens.</strong></span> <span class='ocrx_word' id='word_1_198' title='bbox 1389 2523 1460 2571; x_wconf 91' lang='lat' dir='ltr'><strong>cum</strong></span> 
     </span>
     <span class='ocr_line' id='line_1_22' title="bbox 220 2607 1460 2694; baseline -0.003 -17"><span class='ocrx_word' id='word_1_199' title='bbox 220 2613 332 2680; x_wconf 90' lang='lat' dir='ltr'><strong>multis</strong></span> <span class='ocrx_word' id='word_1_200' title='bbox 353 2611 556 2679; x_wconf 77' lang='lat' dir='ltr'><strong>aduersariis</strong></span> <span class='ocrx_word' id='word_1_201' title='bbox 578 2612 729 2679; x_wconf 81' lang='lat' dir='ltr'><strong>ueritatis</strong></span> <span class='ocrx_word' id='word_1_202' title='bbox 752 2611 876 2694; x_wconf 87' lang='lat' dir='ltr'><strong>incepit</strong></span> <span class='ocrx_word' id='word_1_203' title='bbox 898 2611 1090 2693; x_wconf 87' lang='lat' dir='ltr'><strong>perturbere</strong></span> <span class='ocrx_word' id='word_1_204' title='bbox 1114 2611 1256 2676; x_wconf 88' lang='lat' dir='ltr'><strong>diuersis</strong></span> <span class='ocrx_word' id='word_1_205' title='bbox 1279 2607 1460 2676; x_wconf 83' lang='lat' dir='ltr'><strong>uexationi-</strong></span> 
     </span>
     <span class='ocr_line' id='line_1_23' title="bbox 219 2712 1461 2798; baseline -0.004 -15"><span class='ocrx_word' id='word_1_206' title='bbox 219 2717 281 2783; x_wconf 89' lang='lat' dir='ltr'><strong>bus</strong></span> <span class='ocrx_word' id='word_1_207' title='bbox 303 2717 436 2784; x_wconf 82' lang='lat' dir='ltr'><strong>bestum</strong></span> <span class='ocrx_word' id='word_1_208' title='bbox 459 2718 574 2784; x_wconf 86' lang='lat' dir='ltr'><strong>uirum.</strong></span> <span class='ocrx_word' id='word_1_209' title='bbox 620 2715 679 2782; x_wconf 82' lang='lat' dir='ltr'><strong>Oui</strong></span> <span class='ocrx_word' id='word_1_210' title='bbox 701 2717 842 2783; x_wconf 89' lang='lat' dir='ltr'><strong>cbristus</strong></span> <span class='ocrx_word' id='word_1_211' title='bbox 865 2734 937 2782; x_wconf 82' lang='lat' dir='ltr'><strong>curn</strong></span> <span class='ocrx_word' id='word_1_212' title='bbox 961 2734 1055 2782; x_wconf 86' lang='lat' dir='ltr'><strong>cruce</strong></span> <span class='ocrx_word' id='word_1_213' title='bbox 1079 2732 1241 2798; x_wconf 82' lang='lat' dir='ltr'><strong>apperens</strong></span> <span class='ocrx_word' id='word_1_214' title='bbox 1265 2714 1355 2780; x_wconf 85' lang='lat' dir='ltr'><strong>dixit.</strong></span> <span class='ocrx_word' id='word_1_215' title='bbox 1401 2712 1461 2779; x_wconf 82' lang='lat' dir='ltr'><strong>Ga·</strong></span> 
     </span>
     <span class='ocr_line' id='line_1_24' title="bbox 220 2818 1461 2904; baseline -0.004 -15"><span class='ocrx_word' id='word_1_216' title='bbox 220 2823 349 2890; x_wconf 79' lang='lat' dir='ltr'><strong>tissime</strong></span> <span class='ocrx_word' id='word_1_217' title='bbox 380 2823 485 2889; x_wconf 85' lang='lat' dir='ltr'><strong>oleue.</strong></span> <span class='ocrx_word' id='word_1_218' title='bbox 517 2820 592 2904; x_wconf 88' lang='lat' dir='ltr'><strong>fuge</strong></span> <span class='ocrx_word' id='word_1_219' title='bbox 623 2822 704 2887; x_wconf 89' lang='lat' dir='ltr'><strong>iram</strong></span> <span class='ocrx_word' id='word_1_220' title='bbox 726 2821 836 2887; x_wconf 81' lang='lat' dir='ltr'><strong>fratris</strong></span> <span class='ocrx_word' id='word_1_221' title='bbox 858 2821 905 2886; x_wconf 88' lang='lat' dir='ltr'><strong>tui</strong></span> <span class='ocrx_word' id='word_1_222' title='bbox 936 2821 977 2887; x_wconf 90' lang='lat' dir='ltr'><strong>ad</strong></span> <span class='ocrx_word' id='word_1_223' title='bbox 1006 2819 1144 2886; x_wconf 83' lang='lat' dir='ltr'><strong>russiam</strong></span> <span class='ocrx_word' id='word_1_224' title='bbox 1169 2829 1202 2885; x_wconf 92' lang='lat' dir='ltr'><strong>et</strong></span> <span class='ocrx_word' id='word_1_225' title='bbox 1225 2824 1296 2886; x_wconf 80' lang='lat' dir='ltr'><strong>esto</strong></span> <span class='ocrx_word' id='word_1_226' title='bbox 1318 2818 1366 2884; x_wconf 92' lang='lat' dir='ltr'><strong>ibi</strong></span> <span class='ocrx_word' id='word_1_227' title='bbox 1388 2837 1461 2885; x_wconf 88' lang='lat' dir='ltr'><strong>oum</strong></span> 
     </span>
     <span class='ocr_line' id='line_1_25' title="bbox 219 2923 1462 3012; baseline -0.004 -18"><span class='ocrx_word' id='word_1_228' title='bbox 219 2948 297 3012; x_wconf 89' lang='lat' dir='ltr'><strong>rege</strong></span> <span class='ocrx_word' id='word_1_229' title='bbox 319 2928 423 2995; x_wconf 87' lang='lat' dir='ltr'><strong>amico</strong></span> <span class='ocrx_word' id='word_1_230' title='bbox 454 2945 527 2994; x_wconf 88' lang='lat' dir='ltr'><strong>mco</strong></span> <span class='ocrx_word' id='word_1_231' title='bbox 555 2944 658 3009; x_wconf 87' lang='lat' dir='ltr'><strong>usqne</strong></span> <span class='ocrx_word' id='word_1_232' title='bbox 681 2927 757 2992; x_wconf 92' lang='lat' dir='ltr'><strong>dum</strong></span> <span class='ocrx_word' id='word_1_233' title='bbox 781 2924 886 2992; x_wconf 89' lang='lat' dir='ltr'><strong>dicam</strong></span> <span class='ocrx_word' id='word_1_234' title='bbox 909 2926 979 2992; x_wconf 89' lang='lat' dir='ltr'><strong>tibi.</strong></span> <span class='ocrx_word' id='word_1_235' title='bbox 1005 2925 1080 3007; x_wconf 89' lang='lat' dir='ltr'><strong>quia</strong></span> <span class='ocrx_word' id='word_1_236' title='bbox 1103 2944 1163 3008; x_wconf 86' lang='lat' dir='ltr'><strong>per</strong></span> <span class='ocrx_word' id='word_1_237' title='bbox 1185 2923 1303 2991; x_wconf 83' lang='lat' dir='ltr'><strong>multus</strong></span> <span class='ocrx_word' id='word_1_238' title='bbox 1326 2923 1462 2990; x_wconf 83' lang='lat' dir='ltr'><strong>tribule·</strong></span> 
     </span>
     <span class='ocr_line' id='line_1_26' title="bbox 154 3029 1463 3116; baseline -0.005 -15"><span class='ocrx_word' id='word_1_239' title='bbox 154 3039 185 3083; x_wconf 77' lang='lat'><strong>²⁵</strong></span> <span class='ocrx_word' id='word_1_240' title='bbox 221 3036 327 3101; x_wconf 90' lang='lat' dir='ltr'><strong>tiones</strong></span> <span class='ocrx_word' id='word_1_241' title='bbox 360 3039 492 3116; x_wconf 84' lang='lat' dir='ltr'><strong>oportet</strong></span> <span class='ocrx_word' id='word_1_242' title='bbox 525 3037 558 3099; x_wconf 89' lang='lat' dir='ltr'><strong>te</strong></span> <span class='ocrx_word' id='word_1_243' title='bbox 590 3031 727 3099; x_wconf 90' lang='lat' dir='ltr'><strong>introire</strong></span> <span class='ocrx_word' id='word_1_244' title='bbox 760 3031 793 3096; x_wconf 91' lang='lat' dir='ltr'><strong>in</strong></span> <span class='ocrx_word' id='word_1_245' title='bbox 824 3031 962 3113; x_wconf 80' lang='lat' dir='ltr'><strong>gloriam</strong></span> <span class='ocrx_word' id='word_1_246' title='bbox 995 3049 1099 3096; x_wconf 88' lang='lat' dir='ltr'><strong>meam</strong></span> <span class='ocrx_word' id='word_1_247' title='bbox 1124 3030 1215 3109; x_wconf 83' lang='lat' dir='ltr'><strong>Quod</strong></span> <span class='ocrx_word' id='word_1_248' title='bbox 1246 3029 1303 3095; x_wconf 90' lang='lat' dir='ltr'><strong>ille</strong></span> <span class='ocrx_word' id='word_1_249' title='bbox 1325 3029 1463 3095; x_wconf 85' lang='lat' dir='ltr'><strong>audiens</strong></span> 
     </span>
     <span class='ocr_line' id='line_1_27' title="bbox 219 3133 1462 3222; baseline -0.005 -18"><span class='ocrx_word' id='word_1_250' title='bbox 219 3140 341 3222; x_wconf 86' lang='lat' dir='ltr'><strong>gratias</strong></span> <span class='ocrx_word' id='word_1_251' title='bbox 375 3138 436 3205; x_wconf 92' lang='lat' dir='ltr'><strong>deo</strong></span> <span class='ocrx_word' id='word_1_252' title='bbox 472 3137 539 3218; x_wconf 85' lang='lat' dir='ltr'><strong>egit</strong></span> <span class='ocrx_word' id='word_1_253' title='bbox 572 3142 606 3204; x_wconf 89' lang='lat' dir='ltr'><strong>ct</strong></span> <span class='ocrx_word' id='word_1_254' title='bbox 636 3136 763 3218; x_wconf 81' lang='lat' dir='ltr'><strong>fugiens</strong></span> <span class='ocrx_word' id='word_1_255' title='bbox 796 3154 935 3219; x_wconf 89' lang='lat' dir='ltr'><strong>aregno</strong></span> <span class='ocrx_word' id='word_1_256' title='bbox 964 3153 1024 3200; x_wconf 90' lang='lat' dir='ltr'><strong>suo</strong></span> <span class='ocrx_word' id='word_1_257' title='bbox 1059 3153 1175 3216; x_wconf 90' lang='lat' dir='ltr'><strong>arege</strong></span> <span class='ocrx_word' id='word_1_258' title='bbox 1203 3134 1311 3201; x_wconf 79' lang='lat' dir='ltr'><strong>russie</strong></span> <span class='ocrx_word' id='word_1_259' title='bbox 1332 3133 1462 3200; x_wconf 91' lang='lat' dir='ltr'><strong>nomine</strong></span> 
     </span>
     <span class='ocr_line' id='line_1_28' title="bbox 219 3242 1463 3325; baseline -0.003 -17"><span class='ocrx_word' id='word_1_260' title='bbox 219 3243 423 3309; x_wconf 84' lang='lat' dir='ltr'><strong>Neraellano.</strong></span> <span class='ocrx_word' id='word_1_261' title='bbox 459 3260 576 3324; x_wconf 87' lang='lat' dir='ltr'><strong>megno</strong></span> <span class='ocrx_word' id='word_1_262' title='bbox 611 3260 683 3308; x_wconf 88' lang='lat' dir='ltr'><strong>cum</strong></span> <span class='ocrx_word' id='word_1_263' title='bbox 717 3242 840 3307; x_wconf 89' lang='lat' dir='ltr'><strong>honore</strong></span> <span class='ocrx_word' id='word_1_264' title='bbox 874 3247 924 3308; x_wconf 88' lang='lat' dir='ltr'><strong>est</strong></span> <span class='ocrx_word' id='word_1_265' title='bbox 957 3246 1139 3323; x_wconf 83' lang='lat' dir='ltr'><strong>susceptus.</strong></span> <span class='ocrx_word' id='word_1_266' title='bbox 1203 3247 1339 3325; x_wconf 71' lang='lat' dir='ltr'><strong>configit</strong></span> <span class='ocrx_word' id='word_1_267' title='bbox 1360 3251 1463 3306; x_wconf 79' lang='lat' dir='ltr'><strong>eutem</strong></span> 
     </span>
     <span class='ocr_line' id='line_1_29' title="bbox 219 3347 1464 3432; baseline -0.002 -20"><span class='ocrx_word' id='word_1_268' title='bbox 219 3347 291 3429; x_wconf 83' lang='lat' dir='ltr'><strong>ipso</strong></span> <span class='ocrx_word' id='word_1_269' title='bbox 313 3349 346 3412; x_wconf 86' lang='lat' dir='ltr'><strong>in</strong></span> <span class='ocrx_word' id='word_1_270' title='bbox 369 3349 488 3414; x_wconf 83' lang='lat' dir='ltr'><strong>Ruseia</strong></span> <span class='ocrx_word' id='word_1_271' title='bbox 510 3349 672 3415; x_wconf 77' lang='lat' dir='ltr'><strong>existente</strong></span> <span class='ocrx_word' id='word_1_272' title='bbox 701 3354 831 3432; x_wconf 83' lang='lat' dir='ltr'><strong>quadam</strong></span> <span class='ocrx_word' id='word_1_273' title='bbox 859 3354 1011 3414; x_wconf 86' lang='lat' dir='ltr'><strong>dominice</strong></span> <span class='ocrx_word' id='word_1_274' title='bbox 1033 3355 1093 3412; x_wconf 89' lang='lat' dir='ltr'><strong>die.</strong></span> <span class='ocrx_word' id='word_1_275' title='bbox 1123 3358 1158 3412; x_wconf 91' lang='lat' dir='ltr'><strong>ut</strong></span> <span class='ocrx_word' id='word_1_276' title='bbox 1180 3353 1310 3430; x_wconf 84' lang='lat' dir='ltr'><strong>quadem</strong></span> <span class='ocrx_word' id='word_1_277' title='bbox 1333 3352 1464 3430; x_wconf 78' lang='lat' dir='ltr'><strong>paruulo</strong></span> 
     </span>
     <span class='ocr_line' id='line_1_30' title="bbox 220 3458 1462 3538; baseline -0.004 -18"><span class='ocrx_word' id='word_1_278' title='bbox 220 3459 341 3535; x_wconf 80' lang='lat' dir='ltr'><strong>uirguls</strong></span> <span class='ocrx_word' id='word_1_279' title='bbox 370 3463 497 3518; x_wconf 81' lang='lat' dir='ltr'><strong>inuento</strong></span> <span class='ocrx_word' id='word_1_280' title='bbox 523 3459 648 3520; x_wconf 87' lang='lat' dir='ltr'><strong>cultello</strong></span> <span class='ocrx_word' id='word_1_281' title='bbox 677 3459 791 3536; x_wconf 78' lang='lat' dir='ltr'><strong>lignum</strong></span> <span class='ocrx_word' id='word_1_282' title='bbox 822 3461 904 3538; x_wconf 89' lang='lat' dir='ltr'><strong>quod</strong></span> <span class='ocrx_word' id='word_1_283' title='bbox 927 3479 1016 3519; x_wconf 86' lang='lat' dir='ltr'><strong>manu</strong></span> <span class='ocrx_word' id='word_1_284' title='bbox 1040 3459 1166 3518; x_wconf 81' lang='lat' dir='ltr'><strong>tenebat</strong></span> <span class='ocrx_word' id='word_1_285' title='bbox 1186 3458 1339 3517; x_wconf 82' lang='lat' dir='ltr'><strong>incideret</strong></span> <span class='ocrx_word' id='word_1_286' title='bbox 1360 3459 1462 3516; x_wconf 85' lang='lat' dir='ltr'><strong>imme·</strong></span> 
     </span>
     <span class='ocr_line' id='line_1_31' title="bbox 154 3563 1463 3642; baseline 0.001 -22"><span class='ocrx_word' id='word_1_287' title='bbox 154 3577 186 3620; x_wconf 82' lang='lat' dir='ltr'><strong>uu</strong></span> <span class='ocrx_word' id='word_1_288' title='bbox 220 3585 286 3625; x_wconf 89' lang='lat' dir='ltr'><strong>mor</strong></span> <span class='ocrx_word' id='word_1_289' title='bbox 309 3564 391 3642; x_wconf 87' lang='lat' dir='ltr'><strong>quod</strong></span> <span class='ocrx_word' id='word_1_290' title='bbox 409 3565 475 3624; x_wconf 86' lang='lat' dir='ltr'><strong>dies</strong></span> <span class='ocrx_word' id='word_1_291' title='bbox 493 3563 646 3624; x_wconf 78' lang='lat' dir='ltr'><strong>dominice</strong></span> <span class='ocrx_word' id='word_1_292' title='bbox 664 3571 757 3624; x_wconf 85' lang='lat' dir='ltr'><strong>esset.</strong></span> <span class='ocrx_word' id='word_1_293' title='bbox 803 3566 930 3639; x_wconf 77' lang='lat' dir='ltr'><strong>Quidum</strong></span> <span class='ocrx_word' id='word_1_294' title='bbox 950 3585 1024 3624; x_wconf 88' lang='lat' dir='ltr'><strong>uero</strong></span> <span class='ocrx_word' id='word_1_295' title='bbox 1044 3564 1080 3624; x_wconf 87' lang='lat' dir='ltr'><strong>de</strong></span> <span class='ocrx_word' id='word_1_296' title='bbox 1101 3563 1371 3624; x_wconf 80' lang='lat' dir='ltr'><strong>circumstantibus</strong></span> <span class='ocrx_word' id='word_1_297' title='bbox 1394 3579 1463 3622; x_wconf 87' lang='lat' dir='ltr'><strong>enm</strong></span> 
     </span>
     <span class='ocr_line' id='line_1_32' title="bbox 220 3667 1463 3748; baseline -0.002 -18"><span class='ocrx_word' id='word_1_298' title='bbox 220 3671 393 3748; x_wconf 85' lang='lat' dir='ltr'><strong>increpeuit</strong></span> <span class='ocrx_word' id='word_1_299' title='bbox 415 3667 531 3728; x_wconf 86' lang='lat' dir='ltr'><strong>dicens.</strong></span> <span class='ocrx_word' id='word_1_300' title='bbox 576 3668 704 3727; x_wconf 87' lang='lat' dir='ltr'><strong>Domine</strong></span> <span class='ocrx_word' id='word_1_301' title='bbox 727 3689 789 3728; x_wconf 86' lang='lat' dir='ltr'><strong>rex.</strong></span> <span class='ocrx_word' id='word_1_302' title='bbox 831 3670 929 3729; x_wconf 88' lang='lat' dir='ltr'><strong>Hodie</strong></span> <span class='ocrx_word' id='word_1_303' title='bbox 955 3669 1106 3728; x_wconf 87' lang='lat' dir='ltr'><strong>dominica</strong></span> <span class='ocrx_word' id='word_1_304' title='bbox 1129 3669 1195 3728; x_wconf 90' lang='lat' dir='ltr'><strong>dies</strong></span> <span class='ocrx_word' id='word_1_305' title='bbox 1219 3674 1277 3728; x_wconf 88' lang='lat' dir='ltr'><strong>est.</strong></span> <span class='ocrx_word' id='word_1_306' title='bbox 1301 3673 1333 3728; x_wconf 88' lang='lat' dir='ltr'><strong>et</strong></span> <span class='ocrx_word' id='word_1_307' title='bbox 1354 3667 1463 3728; x_wconf 83' lang='lat' dir='ltr'><strong>sabba-</strong></span> 
     </span>
     <span class='ocr_line' id='line_1_33' title="bbox 219 3772 1462 3846; baseline 0 -14"><span class='ocrx_word' id='word_1_308' title='bbox 219 3781 283 3832; x_wconf 90' lang='lat' dir='ltr'><strong>tum</strong></span> <span class='ocrx_word' id='word_1_309' title='bbox 307 3772 473 3832; x_wconf 85' lang='lat' dir='ltr'><strong>custodies.</strong></span> <span class='ocrx_word' id='word_1_310' title='bbox 520 3773 613 3846; x_wconf 77' lang='lat' dir='ltr'><strong>Quod</strong></span> <span class='ocrx_word' id='word_1_311' title='bbox 641 3774 751 3834; x_wconf 79' lang='lat' dir='ltr'><strong>boetus</strong></span> <span class='ocrx_word' id='word_1_312' title='bbox 785 3776 834 3834; x_wconf 90' lang='lat' dir='ltr'><strong>uir</strong></span> <span class='ocrx_word' id='word_1_313' title='bbox 867 3777 995 3834; x_wconf 84' lang='lat' dir='ltr'><strong>audiens</strong></span> <span class='ocrx_word' id='word_1_314' title='bbox 1024 3776 1150 3834; x_wconf 89' lang='lat' dir='ltr'><strong>multum</strong></span> <span class='ocrx_word' id='word_1_315' title='bbox 1175 3776 1283 3834; x_wconf 89' lang='lat' dir='ltr'><strong>doluit.</strong></span> <span class='ocrx_word' id='word_1_316' title='bbox 1304 3778 1336 3833; x_wconf 83' lang='lat' dir='ltr'><strong>et</strong></span> <span class='ocrx_word' id='word_1_317' title='bbox 1357 3793 1462 3832; x_wconf 86' lang='lat' dir='ltr'><strong>omnes</strong></span> 
     </span>
     <span class='ocr_line' id='line_1_34' title="bbox 221 3878 1463 3956; baseline -0.001 -18"><span class='ocrx_word' id='word_1_318' title='bbox 221 3881 374 3938; x_wconf 82' lang='lat' dir='ltr'><strong>scissuras</strong></span> <span class='ocrx_word' id='word_1_319' title='bbox 398 3898 433 3936; x_wconf 91' lang='lat' dir='ltr'><strong>sc</strong></span> <span class='ocrx_word' id='word_1_320' title='bbox 456 3878 556 3937; x_wconf 83' lang='lat' dir='ltr'><strong>frusta</strong></span> <span class='ocrx_word' id='word_1_321' title='bbox 578 3880 664 3955; x_wconf 79' lang='lat' dir='ltr'><strong>uin-ge</strong></span> <span class='ocrx_word' id='word_1_322' title='bbox 689 3879 837 3956; x_wconf 82' lang='lat' dir='ltr'><strong>colligens</strong></span> <span class='ocrx_word' id='word_1_323' title='bbox 860 3899 955 3955; x_wconf 84' lang='lat' dir='ltr'><strong>super</strong></span> <span class='ocrx_word' id='word_1_324' title='bbox 977 3899 1097 3940; x_wconf 85' lang='lat' dir='ltr'><strong>menum</strong></span> <span class='ocrx_word' id='word_1_325' title='bbox 1119 3901 1202 3940; x_wconf 86' lang='lat' dir='ltr'><strong>suam</strong></span> <span class='ocrx_word' id='word_1_326' title='bbox 1227 3880 1339 3940; x_wconf 87' lang='lat' dir='ltr'><strong>nudam</strong></span> <span class='ocrx_word' id='word_1_327' title='bbox 1360 3879 1463 3938; x_wconf 81' lang='lat' dir='ltr'><strong>totali·</strong></span> 
     </span>
     <span class='ocr_line' id='line_1_35' title="bbox 220 3984 1464 4061; baseline 0.002 -20"><span class='ocrx_word' id='word_1_328' title='bbox 220 3988 269 4042; x_wconf 86' lang='lat' dir='ltr'><strong>ten</strong></span> <span class='ocrx_word' id='word_1_329' title='bbox 301 3985 332 4042; x_wconf 89' lang='lat' dir='ltr'><strong>in</strong></span> <span class='ocrx_word' id='word_1_330' title='bbox 366 3986 538 4061; x_wconf 86' lang='lat' dir='ltr'><strong>penitentis</strong></span> <span class='ocrx_word' id='word_1_331' title='bbox 572 3984 750 4042; x_wconf 88' lang='lat' dir='ltr'><strong>combussit.</strong></span> <span class='ocrx_word' id='word_1_332' title='bbox 802 3984 919 4057; x_wconf 80' lang='lat' dir='ltr'><strong>Quibus</strong></span> <span class='ocrx_word' id='word_1_333' title='bbox 955 3985 1132 4044; x_wconf 89' lang='lat' dir='ltr'><strong>combustis.</strong></span> <span class='ocrx_word' id='word_1_334' title='bbox 1167 4006 1273 4046; x_wconf 88' lang='lat' dir='ltr'><strong>manus</strong></span> <span class='ocrx_word' id='word_1_335' title='bbox 1296 4003 1353 4045; x_wconf 82' lang='lat' dir='ltr'><strong>suo</strong></span> <span class='ocrx_word' id='word_1_336' title='bbox 1374 3985 1464 4044; x_wconf 79' lang='lat' dir='ltr'><strong>illese</strong></span> 
     </span>
     <span class='ocr_line' id='line_1_36' title="bbox 154 4088 1360 4166; baseline 0 -18"><span class='ocrx_word' id='word_1_337' title='bbox 154 4097 185 4141; x_wconf 73' lang='lat'><strong>³5</strong></span> <span class='ocrx_word' id='word_1_338' title='bbox 221 4089 375 4148; x_wconf 75' lang='lat' dir='ltr'><strong>remansit.</strong></span> <span class='ocrx_word' id='word_1_339' title='bbox 420 4088 520 4161; x_wconf 75' lang='lat' dir='ltr'><strong>Quare</strong></span> <span class='ocrx_word' id='word_1_340' title='bbox 541 4090 642 4164; x_wconf 88' lang='lat' dir='ltr'><strong>ipsum</strong></span> <span class='ocrx_word' id='word_1_341' title='bbox 664 4095 776 4164; x_wconf 86' lang='lat' dir='ltr'><strong>postea</strong></span> <span class='ocrx_word' id='word_1_342' title='bbox 796 4092 828 4148; x_wconf 91' lang='lat' dir='ltr'><strong>in</strong></span> <span class='ocrx_word' id='word_1_343' title='bbox 852 4109 959 4166; x_wconf 83' lang='lat' dir='ltr'><strong>mugna</strong></span> <span class='ocrx_word' id='word_1_344' title='bbox 980 4095 1156 4150; x_wconf 75' lang='lat' dir='ltr'><strong>reuerentia</strong></span> <span class='ocrx_word' id='word_1_345' title='bbox 1178 4091 1360 4151; x_wconf 87' lang='lat' dir='ltr'><strong>habuerunt.</strong></span> 
     </span>
    </p>

    <p class='ocr_par' dir='ltr' id='par_1_3' title="bbox 221 4184 1463 4587">
     <span class='ocr_line' id='line_1_37' title="bbox 306 4184 1461 4268; baseline 0.002 -16"><span class='ocrx_word' id='word_1_346' title='bbox 306 4184 340 4252; x_wconf 83' lang='lat' dir='ltr'><strong>O.</strong></span> <span class='ocrx_word' id='word_1_347' title='bbox 383 4184 510 4251; x_wconf 89' lang='lat' dir='ltr'><strong>Deinde</strong></span> <span class='ocrx_word' id='word_1_348' title='bbox 531 4190 610 4268; x_wconf 84' lang='lat' dir='ltr'><strong>post</strong></span> <span class='ocrx_word' id='word_1_349' title='bbox 632 4203 733 4252; x_wconf 90' lang='lat' dir='ltr'><strong>annos</strong></span> <span class='ocrx_word' id='word_1_350' title='bbox 756 4193 824 4253; x_wconf 88' lang='lat' dir='ltr'><strong>tres</strong></span> <span class='ocrx_word' id='word_1_351' title='bbox 848 4194 961 4253; x_wconf 86' lang='lat' dir='ltr'><strong>sancto</strong></span> <span class='ocrx_word' id='word_1_352' title='bbox 975 4188 1080 4254; x_wconf 89' lang='lat' dir='ltr'><strong>Olauo</strong></span> <span class='ocrx_word' id='word_1_353' title='bbox 1100 4189 1205 4254; x_wconf 89' lang='lat' dir='ltr'><strong>adhuc</strong></span> <span class='ocrx_word' id='word_1_354' title='bbox 1228 4189 1272 4254; x_wconf 90' lang='lat' dir='ltr'><strong>ibi</strong></span> <span class='ocrx_word' id='word_1_355' title='bbox 1291 4189 1461 4255; x_wconf 87' lang='lat' dir='ltr'><strong>existente.</strong></span> 
     </span>
     <span class='ocr_line' id='line_1_38' title="bbox 221 4289 1462 4376; baseline 0.002 -21"><span class='ocrx_word' id='word_1_356' title='bbox 221 4289 373 4372; x_wconf 85' lang='lat' dir='ltr'><strong>apparuit</strong></span> <span class='ocrx_word' id='word_1_357' title='bbox 404 4291 435 4357; x_wconf 87' lang='lat' dir='ltr'><strong>ci</strong></span> <span class='ocrx_word' id='word_1_358' title='bbox 469 4289 618 4356; x_wconf 89' lang='lat' dir='ltr'><strong>dominus</strong></span> <span class='ocrx_word' id='word_1_359' title='bbox 646 4292 763 4358; x_wconf 86' lang='lat' dir='ltr'><strong>Ihesus</strong></span> <span class='ocrx_word' id='word_1_360' title='bbox 786 4297 923 4375; x_wconf 85' lang='lat' dir='ltr'><strong>portans</strong></span> <span class='ocrx_word' id='word_1_361' title='bbox 945 4313 1073 4360; x_wconf 85' lang='lat' dir='ltr'><strong>omoeur</strong></span> <span class='ocrx_word' id='word_1_362' title='bbox 1098 4312 1170 4359; x_wconf 91' lang='lat' dir='ltr'><strong>cum</strong></span> <span class='ocrx_word' id='word_1_363' title='bbox 1195 4311 1315 4360; x_wconf 88' lang='lat' dir='ltr'><strong>corona</strong></span> <span class='ocrx_word' id='word_1_364' title='bbox 1337 4293 1462 4376; x_wconf 84' lang='lat' dir='ltr'><strong>spinea.</strong></span> 
     </span>
     <span class='ocr_line' id='line_1_39' title="bbox 222 4395 1463 4476; baseline 0.004 -16"><span class='ocrx_word' id='word_1_365' title='bbox 222 4401 256 4460; x_wconf 92' lang='lat' dir='ltr'><strong>et</strong></span> <span class='ocrx_word' id='word_1_366' title='bbox 287 4395 409 4476; x_wconf 90' lang='lat' dir='ltr'><strong>apertis</strong></span> <span class='ocrx_word' id='word_1_367' title='bbox 444 4397 569 4462; x_wconf 85' lang='lat' dir='ltr'><strong>eunctis</strong></span> <span class='ocrx_word' id='word_1_368' title='bbox 603 4395 791 4463; x_wconf 91' lang='lat' dir='ltr'><strong>uulneribus</strong></span> <span class='ocrx_word' id='word_1_369' title='bbox 822 4400 867 4464; x_wconf 89' lang='lat' dir='ltr'><strong>ait</strong></span> <span class='ocrx_word' id='word_1_370' title='bbox 889 4398 946 4464; x_wconf 87' lang='lat' dir='ltr'><strong>illi.</strong></span> <span class='ocrx_word' id='word_1_371' title='bbox 991 4399 1075 4465; x_wconf 85' lang='lat' dir='ltr'><strong>Ecce</strong></span> <span class='ocrx_word' id='word_1_372' title='bbox 1100 4398 1203 4465; x_wconf 90' lang='lat' dir='ltr'><strong>Olaue</strong></span> <span class='ocrx_word' id='word_1_373' title='bbox 1226 4399 1259 4464; x_wconf 91' lang='lat' dir='ltr'><strong>in</strong></span> <span class='ocrx_word' id='word_1_374' title='bbox 1281 4397 1346 4466; x_wconf 90' lang='lat' dir='ltr'><strong>ista</strong></span> <span class='ocrx_word' id='word_1_375' title='bbox 1367 4416 1463 4465; x_wconf 87' lang='lat' dir='ltr'><strong>cruce</strong></span> 
     </span>
     <span class='ocr_line' id='line_1_40' title="bbox 221 4498 1462 4587; baseline 0.004 -22"><span class='ocrx_word' id='word_1_376' title='bbox 221 4517 282 4582; x_wconf 86' lang='lat' dir='ltr'><strong>pro</strong></span> <span class='ocrx_word' id='word_1_377' title='bbox 305 4519 357 4566; x_wconf 89' lang='lat' dir='ltr'><strong>me</strong></span> <span class='ocrx_word' id='word_1_378' title='bbox 378 4498 547 4582; x_wconf 85' lang='lat' dir='ltr'><strong>pendetis.</strong></span> <span class='ocrx_word' id='word_1_379' title='bbox 572 4506 606 4567; x_wconf 91' lang='lat' dir='ltr'><strong>et</strong></span> <span class='ocrx_word' id='word_1_380' title='bbox 627 4501 726 4568; x_wconf 89' lang='lat' dir='ltr'><strong>talem</strong></span> <span class='ocrx_word' id='word_1_381' title='bbox 750 4521 900 4569; x_wconf 88' lang='lat' dir='ltr'><strong>coronam</strong></span> <span class='ocrx_word' id='word_1_382' title='bbox 924 4521 982 4586; x_wconf 87' lang='lat' dir='ltr'><strong>pro</strong></span> <span class='ocrx_word' id='word_1_383' title='bbox 1009 4523 1061 4570; x_wconf 90' lang='lat' dir='ltr'><strong>me</strong></span> <span class='ocrx_word' id='word_1_384' title='bbox 1081 4503 1240 4587; x_wconf 79' lang='lat' dir='ltr'><strong>portabis.</strong></span> <span class='ocrx_word' id='word_1_385' title='bbox 1265 4509 1299 4570; x_wconf 89' lang='lat' dir='ltr'><strong>et</strong></span> <span class='ocrx_word' id='word_1_386' title='bbox 1319 4522 1339 4570; x_wconf 82' lang='lat' dir='ltr'><strong>a</strong></span> <span class='ocrx_word' id='word_1_387' title='bbox 1361 4502 1462 4570; x_wconf 86' lang='lat' dir='ltr'><strong>fratre</strong></span> 
     </span>
    </p>

    <p class='ocr_par' dir='ltr' id='par_1_4' title="bbox 155 4604 1463 4694">
     <span class='ocr_line' id='line_1_41' title="bbox 155 4604 1463 4694; baseline -0.001 -18"><span class='ocrx_word' id='word_1_388' title='bbox 155 4629 187 4676; x_wconf 78' lang='lat' dir='ltr'><strong>ro</strong></span> <span class='ocrx_word' id='word_1_389' title='bbox 222 4611 280 4672; x_wconf 91' lang='lat' dir='ltr'><strong>tuo</strong></span> <span class='ocrx_word' id='word_1_390' title='bbox 314 4604 394 4671; x_wconf 83' lang='lat' dir='ltr'><strong>talia</strong></span> <span class='ocrx_word' id='word_1_391' title='bbox 426 4604 563 4688; x_wconf 85' lang='lat' dir='ltr'><strong>petieris</strong></span> <span class='ocrx_word' id='word_1_392' title='bbox 596 4623 659 4688; x_wconf 88' lang='lat' dir='ltr'><strong>que</strong></span> <span class='ocrx_word' id='word_1_393' title='bbox 693 4625 753 4689; x_wconf 88' lang='lat' dir='ltr'><strong>ego</strong></span> <span class='ocrx_word' id='word_1_394' title='bbox 786 4627 845 4690; x_wconf 86' lang='lat' dir='ltr'><strong>pro</strong></span> <span class='ocrx_word' id='word_1_395' title='bbox 880 4613 913 4675; x_wconf 89' lang='lat' dir='ltr'><strong>te</strong></span> <span class='ocrx_word' id='word_1_396' title='bbox 943 4627 1060 4694; x_wconf 86' lang='lat' dir='ltr'><strong>passus</strong></span> <span class='ocrx_word' id='word_1_397' title='bbox 1090 4627 1171 4676; x_wconf 88' lang='lat' dir='ltr'><strong>sum.</strong></span> <span class='ocrx_word' id='word_1_398' title='bbox 1218 4609 1305 4676; x_wconf 83' lang='lat' dir='ltr'><strong>Vade</strong></span> <span class='ocrx_word' id='word_1_399' title='bbox 1329 4614 1463 4690; x_wconf 87' lang='lat' dir='ltr'><strong>ergoet</strong></span> 
     </span>
    </p>
   </div>
   <div class='ocr_carea' id='block_1_3' title="bbox 0 0 1824 5342">
    <p class='ocr_par' dir='ltr' id='par_1_5' title="bbox 0 0 1824 5342">
     <span class='ocr_line' id='line_1_42' title="bbox 0 0 1824 5342; baseline 0 0"><span class='ocrx_word' id='word_1_400' title='bbox 0 0 1824 5342; x_wconf 95' lang='lat' dir='ltr'><strong> </strong></span> 
     </span>
    </p>
   </div>
  </div>
 </body>
</html>
