3640 5342
423 373 486 434 262

508 551 734 620 Brev.Rosch.
754 550 982 632 ogLundense
1004 548 1182 632 indslryrier
1194 548 1277 614 citer
1295 547 1502 614 Invitatoriet
1513 549 1543 616 S.
1564 553 1661 616 2572:

424 658 578 741 ialgende

533 861 689 946 Hymnus.
780 861 896 927 Procul
919 861 1016 944 pulso
1039 861 1103 925 iam
1124 865 1256 941 torpore

779 983 1010 1048 consurgamus
1035 983 1149 1047 ocyus:

779 1071 864 1152 regis
888 1070 985 1135 huius
1008 1069 1041 1134 in
1061 1069 1187 1134 honore

779 1175 954 1258 psallemus
977 1173 1145 1239 deuotius:

779 1285 813 1345 vt
835 1279 985 1361 dignetur
1006 1278 1101 1345 nobis
1123 1278 1194 1344 lcrc

779 1386 920 1452 clemens
943 1388 977 1450 et
998 1381 1168 1466 propitius.

780 1571 894 1637 Adhuc
917 1568 1029 1634 vivens
1050 1565 1237 1631 veneranda

781 1693 845 1758 que
867 1674 973 1756 gessit
994 1670 1165 1737 miracula:

779 1797 917 1863 presens
939 1777 1035 1858 digne
1057 1774 1267 1842 memoranda

781 1883 900 1951 recolit
923 1881 1068 1948 diecula:

778 1988 873 2071 plebs
895 1984 1002 2052 fidelis
1025 1984 1087 2051 hec
1108 1983 1271 2049 laudanda

781 2092 964 2158 conclamat
984 2108 1044 2173 per
1066 2087 1187 2154 secula.

779 2277 868 2343 Luce
890 2277 968 2343 solis
992 2268 1200 2354 contingebat

780 2400 837 2448 rex
858 2381 1011 2448 volutans
1031 2379 1138 2449 roma:

781 2486 903 2566 lignum
926 2487 1045 2554 cadens
1067 2509 1127 2559 nec
1147 2494 1293 2564 habebat

780 2590 865 2656 diem
888 2593 921 2656 in
945 2595 1115 2662 memoria:

782 2695 913 2778 quidam
936 2704 1048 2766 astans
1071 2719 1143 2770 cras
1167 2704 1298 2772 dicebat

782 2808 834 2868 est
856 2803 1003 2870 secunda
1023 2804 1113 2874 laria.

782 2985 824 3053 Se
846 2985 947 3054 luisse
970 3006 1034 3054 non
1057 2992 1221 3070 previsum

781 3109 837 3157 rex
860 3091 1019 3158 instanter
1040 3094 1175 3174 gemuit:

780 3195 997 3277 perurendum
1021 3215 1095 3262 mox
1117 3196 1260 3268 decisum

780 3296 887 3379 palme
910 3303 1131 3382 superposuit:

780 3407 857 3486 post
878 3405 1070 3472 exstinctum
1092 3405 1221 3475 ilamme
1244 3410 1350 3476 nisum

780 3507 906 3574 illesum
930 3511 1089 3592 apparuit.

780 3691 920 3774 Largum
942 3693 1005 3761 iter
1027 3696 1196 3778 nauiganti

780 3813 878 3878 rupes
901 3799 1008 3864 scissa
1029 3800 1176 3882 prebuit:

779 3900 885 3968 hostis
907 3903 993 3969 vires
1016 3903 1075 3968 riri
1097 3905 1181 3970 tanti
1241 3975 1245 3980 ,

779 4011 927 4072 metuens
951 4007 1137 4090 obstupuit:

781 4127 844 4193 qua
866 4111 986 4178 virtute
1007 4116 1074 4178 tam
1097 4116 1257 4197 prestanti

781 4215 886 4281 scindi
909 4221 1004 4299 petra
1024 4219 1141 4299 potuit.

780 4399 883 4466 Nocte
905 4353 992 4468 ‹liem
1014 4401 1212 4483 precedente

781 4520 844 4584 qua
867 4504 914 4569 vis
936 4505 1023 4570 seuit
1044 4506 1187 4572 hostica:

781 4605 872 4673 audit
895 4613 1016 4694 martyr
1037 4609 1223 4693 alloquente
