<?xml version="1.0" encoding="UTF-8"?>
<!DOCTYPE html PUBLIC "-//W3C//DTD XHTML 1.0 Transitional//EN"
    "http://www.w3.org/TR/xhtml1/DTD/xhtml1-transitional.dtd">
<html xmlns="http://www.w3.org/1999/xhtml" xml:lang="en" lang="en">
 <head>
  <title>
</title>
<meta http-equiv="Content-Type" content="text/html;charset=utf-8" />
  <meta name='ocr-system' content='tesseract 3.04.00' />
  <meta name='ocr-capabilities' content='ocr_page ocr_carea ocr_par ocr_line ocrx_word'/>
</head>
<body>
  <div class='ocr_page' id='page_1' title='image "./monumentahistor01storgoog/monumentahistor01storgoog_0332.png"; bbox 0 0 3622 5344; ppageno 0'>
   <div class='ocr_carea' id='block_1_1' title="bbox 379 287 441 351">
    <p class='ocr_par' dir='ltr' id='par_1_1' title="bbox 379 287 441 351">
     <span class='ocr_line' id='line_1_1' title="bbox 379 287 441 351; baseline -0.016 -1"><span class='ocrx_word' id='word_1_1' title='bbox 379 287 441 351; x_wconf 81' lang='lat'><strong>252</strong></span> 
     </span>
    </p>
   </div>
   <div class='ocr_carea' id='block_1_2' title="bbox 380 471 1754 1717">
    <p class='ocr_par' dir='ltr' id='par_1_2' title="bbox 380 471 1631 668">
     <span class='ocr_line' id='line_1_2' title="bbox 462 471 1631 561; baseline 0.006 -26"><span class='ocrx_word' id='word_1_2' title='bbox 462 471 569 536; x_wconf 79' lang='lat' dir='ltr'><em>Lectio</em></span> <span class='ocrx_word' id='word_1_3' title='bbox 586 473 611 556; x_wconf 79' lang='lat' dir='ltr'><strong>j.</strong></span> <span class='ocrx_word' id='word_1_4' title='bbox 656 475 837 556; x_wconf 81' lang='lat' dir='ltr'><strong>REgnante</strong></span> <span class='ocrx_word' id='word_1_5' title='bbox 860 477 1085 545; x_wconf 86' lang='lat' dir='ltr'><strong>illustrissimo</strong></span> <span class='ocrx_word' id='word_1_6' title='bbox 1108 497 1185 561; x_wconf 89' lang='lat' dir='ltr'><strong>rege</strong></span> <span class='ocrx_word' id='word_1_7' title='bbox 1207 478 1302 544; x_wconf 90' lang='lat' dir='ltr'><strong>clauo</strong></span> <span class='ocrx_word' id='word_1_8' title='bbox 1323 477 1408 560; x_wconf 87' lang='lat' dir='ltr'><strong>apud</strong></span> <span class='ocrx_word' id='word_1_9' title='bbox 1427 478 1631 560; x_wconf 82' lang='lat' dir='ltr'><strong>norwegiam</strong></span> 
     </span>
     <span class='ocr_line' id='line_1_3' title="bbox 380 576 1140 668; baseline 0.016 -29"><span class='ocrx_word' id='word_1_10' title='bbox 380 576 475 641; x_wconf 89' lang='lat' dir='ltr'><strong>-in</strong></span> <span class='ocrx_word' id='word_1_11' title='bbox 499 577 655 646; x_wconf 89' lang='lat' dir='ltr'><strong>lateribus</strong></span> <span class='ocrx_word' id='word_1_12' title='bbox 678 582 839 662; x_wconf 86' lang='lat' dir='ltr'><strong>aquilonis</strong></span> <span class='ocrx_word' id='word_1_13' title='bbox 862 613 902 638; x_wconf 87' lang='lat'>=</span> <span class='ocrx_word' id='word_1_14' title='bbox 926 611 955 668; x_wconf 88' lang='lat' dir='ltr'><strong>p.</strong></span> <span class='ocrx_word' id='word_1_15' title='bbox 983 589 1140 651; x_wconf 65' lang='lat' dir='ltr'><strong>wll-1⁶.</strong></span> 
     </span>
    </p>

    <p class='ocr_par' dir='ltr' id='par_1_3' title="bbox 464 690 825 769">
     <span class='ocr_line' id='line_1_4' title="bbox 464 690 825 769; baseline 0.011 -21"><span class='ocrx_word' id='word_1_16' title='bbox 464 690 546 767; x_wconf 74' lang='lat' dir='ltr'><strong>Hesp.</strong></span> <span class='ocrx_word' id='word_1_17' title='bbox 591 693 625 751; x_wconf 88' lang='lat' dir='ltr'><strong>Ia</strong></span> <span class='ocrx_word' id='word_1_18' title='bbox 649 695 744 769; x_wconf 85' lang='lat' dir='ltr'><strong>regali</strong></span> <span class='ocrx_word' id='word_1_19' title='bbox 767 700 825 754; x_wconf 85' lang='lat' dir='ltr'><strong>etc.</strong></span> 
     </span>
    </p>

    <p class='ocr_par' dir='ltr' id='par_1_4' title="bbox 463 797 823 859">
     <span class='ocr_line' id='line_1_5' title="bbox 463 797 823 859; baseline 0.014 -6"><span class='ocrx_word' id='word_1_20' title='bbox 463 815 530 854; x_wconf 84' lang='lat' dir='ltr'><strong>vcra.</strong></span> <span class='ocrx_word' id='word_1_21' title='bbox 577 797 739 858; x_wconf 73' lang='lat' dir='ltr'>sordebat.</span> <span class='ocrx_word' id='word_1_22' title='bbox 765 806 823 859; x_wconf 86' lang='lat' dir='ltr'><strong>etc.</strong></span> 
     </span>
    </p>

    <p class='ocr_par' dir='ltr' id='par_1_5' title="bbox 381 891 1754 1717">
     <span class='ocr_line' id='line_1_6' title="bbox 463 891 1681 980; baseline 0.001 -25"><span class='ocrx_word' id='word_1_23' title='bbox 463 891 572 958; x_wconf 86' lang='lat' dir='ltr'><strong>Lectio</strong></span> <span class='ocrx_word' id='word_1_24' title='bbox 593 895 626 977; x_wconf 85' lang='lat' dir='ltr'><strong>ij.</strong></span> <span class='ocrx_word' id='word_1_25' title='bbox 672 894 824 963; x_wconf 83' lang='lat' dir='ltr'><strong>Ceterum</strong></span> <span class='ocrx_word' id='word_1_26' title='bbox 847 915 981 980; x_wconf 89' lang='lat' dir='ltr'><strong>magnus</strong></span> <span class='ocrx_word' id='word_1_27' title='bbox 1005 898 1153 964; x_wconf 89' lang='lat' dir='ltr'><strong>dominus</strong></span> <span class='ocrx_word' id='word_1_28' title='bbox 1175 901 1209 964; x_wconf 92' lang='lat' dir='ltr'><strong>et</strong></span> <span class='ocrx_word' id='word_1_29' title='bbox 1224 897 1398 963; x_wconf 89' lang='lat' dir='ltr'><strong>laudabilis</strong></span> <span class='ocrx_word' id='word_1_30' title='bbox 1411 897 1508 962; x_wconf 93' lang='lat' dir='ltr'><strong>nimis</strong></span> <span class='ocrx_word' id='word_1_31' title='bbox 1523 897 1578 980; x_wconf 94' lang='lat' dir='ltr'><strong>qui</strong></span> <span class='ocrx_word' id='word_1_32' title='bbox 1593 898 1629 963; x_wconf 94' lang='lat' dir='ltr'><strong>in</strong></span> <span class='ocrx_word' id='word_1_33' title='bbox 1667 911 1681 956; x_wconf 80' lang='lat'>⁵</span> 
     </span>
     <span class='ocr_line' id='line_1_7' title="bbox 381 996 1630 1083; baseline 0.006 -22"><span class='ocrx_word' id='word_1_34' title='bbox 381 996 541 1063; x_wconf 89' lang='lat' dir='ltr'><strong>lateribus</strong></span> <span class='ocrx_word' id='word_1_35' title='bbox 566 1001 729 1083; x_wconf 87' lang='lat' dir='ltr'><strong>aquilonis</strong></span> <span class='ocrx_word' id='word_1_36' title='bbox 752 1002 918 1069; x_wconf 88' lang='lat' dir='ltr'><strong>edificauit</strong></span> <span class='ocrx_word' id='word_1_37' title='bbox 948 1005 1117 1069; x_wconf 89' lang='lat' dir='ltr'><strong>ciuitatem</strong></span> <span class='ocrx_word' id='word_1_38' title='bbox 1148 1021 1249 1070; x_wconf 88' lang='lat' dir='ltr'><strong>suurn.</strong></span> <span class='ocrx_word' id='word_1_39' title='bbox 1279 1003 1381 1068; x_wconf 87' lang='lat' dir='ltr'><strong>austri</strong></span> <span class='ocrx_word' id='word_1_40' title='bbox 1407 1003 1536 1083; x_wconf 92' lang='lat' dir='ltr'><strong>placido</strong></span> <span class='ocrx_word' id='word_1_41' title='bbox 1564 1001 1630 1068; x_wconf 88' lang='lat' dir='ltr'><strong>fla-</strong></span> 
     </span>
     <span class='ocr_line' id='line_1_8' title="bbox 382 1102 1632 1191; baseline 0.006 -26"><span class='ocrx_word' id='word_1_42' title='bbox 382 1102 477 1168; x_wconf 91' lang='lat' dir='ltr'><strong>mine.</strong></span> <span class='ocrx_word' id='word_1_43' title='bbox 501 1106 663 1186; x_wconf 90' lang='lat' dir='ltr'><strong>aquilonis</strong></span> <span class='ocrx_word' id='word_1_44' title='bbox 686 1107 861 1191; x_wconf 89' lang='lat' dir='ltr'><strong>dissipauit</strong></span> <span class='ocrx_word' id='word_1_45' title='bbox 884 1109 1055 1175; x_wconf 89' lang='lat' dir='ltr'><strong>duriciam:</strong></span> <span class='ocrx_word' id='word_1_46' title='bbox 1091 1113 1125 1174; x_wconf 89' lang='lat' dir='ltr'><strong>et</strong></span> <span class='ocrx_word' id='word_1_47' title='bbox 1153 1109 1297 1189; x_wconf 88' lang='lat' dir='ltr'><strong>gentium</strong></span> <span class='ocrx_word' id='word_1_48' title='bbox 1327 1103 1497 1172; x_wconf 84' lang='lat' dir='ltr'><strong>efferarum</strong></span> <span class='ocrx_word' id='word_1_49' title='bbox 1521 1106 1632 1172; x_wconf 90' lang='lat' dir='ltr'><strong>obsti-</strong></span> 
     </span>
     <span class='ocr_line' id='line_1_9' title="bbox 382 1194 1749 1280; baseline 0.005 -9"><span class='ocrx_word' id='word_1_50' title='bbox 382 1213 477 1272; x_wconf 89' lang='lat' dir='ltr'><strong>natos</strong></span> <span class='ocrx_word' id='word_1_51' title='bbox 499 1228 537 1274; x_wconf 91' lang='lat' dir='ltr'><strong>ac</strong></span> <span class='ocrx_word' id='word_1_52' title='bbox 560 1211 688 1278; x_wconf 81' lang='lat' dir='ltr'><strong>feroces</strong></span> <span class='ocrx_word' id='word_1_53' title='bbox 712 1214 837 1279; x_wconf 89' lang='lat' dir='ltr'><strong>animos</strong></span> <span class='ocrx_word' id='word_1_54' title='bbox 861 1214 972 1280; x_wconf 86' lang='lat' dir='ltr'><strong>calore</strong></span> <span class='ocrx_word' id='word_1_55' title='bbox 995 1213 1070 1279; x_wconf 87' lang='lat' dir='ltr'><strong>fidei</strong></span> <span class='ocrx_word' id='word_1_56' title='bbox 1093 1213 1223 1280; x_wconf 88' lang='lat' dir='ltr'><strong>tandem</strong></span> <span class='ocrx_word' id='word_1_57' title='bbox 1248 1212 1415 1278; x_wconf 90' lang='lat' dir='ltr'><strong>emolliuit.</strong></span> <span class='ocrx_word' id='word_1_58' title='bbox 1467 1211 1633 1279; x_wconf 81' lang='lat' dir='ltr'><strong>Audierat</strong></span> <span class='ocrx_word' id='word_1_59' title='bbox 1748 1194 1749 1268; x_wconf 73' lang='lat' dir='ltr'><strong>i</strong></span> 
     </span>
     <span class='ocr_line' id='line_1_10' title="bbox 383 1284 1750 1400; baseline 0.004 -23"><span class='ocrx_word' id='word_1_60' title='bbox 383 1313 529 1379; x_wconf 89' lang='lat' dir='ltr'><strong>auditum</strong></span> <span class='ocrx_word' id='word_1_61' title='bbox 554 1334 573 1380; x_wconf 89' lang='lat' dir='ltr'><strong>a</strong></span> <span class='ocrx_word' id='word_1_62' title='bbox 596 1316 742 1384; x_wconf 88' lang='lat' dir='ltr'><strong>domiuo:</strong></span> <span class='ocrx_word' id='word_1_63' title='bbox 768 1323 801 1384; x_wconf 88' lang='lat' dir='ltr'><strong>et</strong></span> <span class='ocrx_word' id='word_1_64' title='bbox 822 1319 950 1400; x_wconf 89' lang='lat' dir='ltr'><strong>legatos</strong></span> <span class='ocrx_word' id='word_1_65' title='bbox 972 1318 1063 1384; x_wconf 84' lang='lat' dir='ltr'><strong>misit</strong></span> <span class='ocrx_word' id='word_1_66' title='bbox 1084 1321 1125 1384; x_wconf 91' lang='lat' dir='ltr'><strong>ad</strong></span> <span class='ocrx_word' id='word_1_67' title='bbox 1149 1318 1222 1384; x_wconf 86' lang='lat' dir='ltr'><strong>illas</strong></span> <span class='ocrx_word' id='word_1_68' title='bbox 1244 1323 1372 1400; x_wconf 78' lang='lat' dir='ltr'><strong>gentes:</strong></span> <span class='ocrx_word' id='word_1_69' title='bbox 1396 1318 1487 1382; x_wconf 86' lang='lat' dir='ltr'><strong>misit</strong></span> <span class='ocrx_word' id='word_1_70' title='bbox 1508 1335 1629 1400; x_wconf 91' lang='lat' dir='ltr'><strong>preco·</strong></span> <span class='ocrx_word' id='word_1_71' title='bbox 1749 1284 1750 1352; x_wconf 59' lang='lat' dir='ltr'><strong>i</strong></span> 
     </span>
     <span class='ocr_line' id='line_1_11' title="bbox 382 1420 1752 1514; baseline 0.005 -31"><span class='ocrx_word' id='word_1_72' title='bbox 382 1436 439 1484; x_wconf 88' lang='lat' dir='ltr'><strong>nes</strong></span> <span class='ocrx_word' id='word_1_73' title='bbox 472 1420 563 1486; x_wconf 87' lang='lat' dir='ltr'><strong>verbi</strong></span> <span class='ocrx_word' id='word_1_74' title='bbox 598 1423 665 1488; x_wconf 88' lang='lat' dir='ltr'><strong>sni:</strong></span> <span class='ocrx_word' id='word_1_75' title='bbox 701 1424 755 1505; x_wconf 92' lang='lat' dir='ltr'><strong>qui</strong></span> <span class='ocrx_word' id='word_1_76' title='bbox 788 1425 959 1492; x_wconf 85' lang='lat' dir='ltr'><strong>veritatem</strong></span> <span class='ocrx_word' id='word_1_77' title='bbox 991 1429 1067 1507; x_wconf 88' lang='lat' dir='ltr'><strong>(que</strong></span> <span class='ocrx_word' id='word_1_78' title='bbox 1093 1425 1196 1491; x_wconf 78' lang='lat' dir='ltr'><strong>estin</strong></span> <span class='ocrx_word' id='word_1_79' title='bbox 1219 1423 1342 1490; x_wconf 88' lang='lat' dir='ltr'><strong>cbristo</strong></span> <span class='ocrx_word' id='word_1_80' title='bbox 1365 1423 1450 1505; x_wconf 89' lang='lat' dir='ltr'><strong>iesu)</strong></span> <span class='ocrx_word' id='word_1_81' title='bbox 1473 1423 1629 1506; x_wconf 88' lang='lat' dir='ltr'><strong>partibus</strong></span> <span class='ocrx_word' id='word_1_82' title='bbox 1669 1447 1696 1494; x_wconf 90' lang='lat' dir='ltr'><strong>ro</strong></span> <span class='ocrx_word' id='word_1_83' title='bbox 1751 1466 1752 1514; x_wconf 51' lang='lat' dir='ltr'><strong>q</strong></span> 
     </span>
     <span class='ocr_line' id='line_1_12' title="bbox 383 1522 1753 1614; baseline 0.006 -27"><span class='ocrx_word' id='word_1_84' title='bbox 383 1522 448 1588; x_wconf 92' lang='lat' dir='ltr'><strong>illis</strong></span> <span class='ocrx_word' id='word_1_85' title='bbox 469 1526 691 1607; x_wconf 79' lang='lat' dir='ltr'><strong>predicarent:</strong></span> <span class='ocrx_word' id='word_1_86' title='bbox 715 1529 874 1596; x_wconf 91' lang='lat' dir='ltr'><strong>culturam</strong></span> <span class='ocrx_word' id='word_1_87' title='bbox 898 1531 1058 1597; x_wconf 91' lang='lat' dir='ltr'><strong>idolorum</strong></span> <span class='ocrx_word' id='word_1_88' title='bbox 1082 1533 1271 1596; x_wconf 89' lang='lat' dir='ltr'><strong>euerterent</strong></span> <span class='ocrx_word' id='word_1_89' title='bbox 1293 1527 1501 1594; x_wconf 86' lang='lat' dir='ltr'><strong>credentibus</strong></span> <span class='ocrx_word' id='word_1_90' title='bbox 1524 1529 1631 1594; x_wconf 85' lang='lat' dir='ltr'><strong>vitam</strong></span> <span class='ocrx_word' id='word_1_91' title='bbox 1752 1556 1753 1614; x_wconf 66' lang='lat' dir='ltr'><strong>r</strong></span> 
     </span>
     <span class='ocr_line' id='line_1_13' title="bbox 381 1628 1754 1717; baseline 0.007 -25"><span class='ocrx_word' id='word_1_92' title='bbox 381 1628 621 1696; x_wconf 85' lang='lat' dir='ltr'><strong>indeficientem</strong></span> <span class='ocrx_word' id='word_1_93' title='bbox 651 1638 685 1698; x_wconf 92' lang='lat' dir='ltr'><strong>et</strong></span> <span class='ocrx_word' id='word_1_94' title='bbox 705 1635 824 1716; x_wconf 89' lang='lat' dir='ltr'><strong>gaudia</strong></span> <span class='ocrx_word' id='word_1_95' title='bbox 848 1641 960 1702; x_wconf 88' lang='lat' dir='ltr'><strong>eterna</strong></span> <span class='ocrx_word' id='word_1_96' title='bbox 982 1637 1226 1717; x_wconf 85' lang='lat' dir='ltr'><strong>promitterent:</strong></span> <span class='ocrx_word' id='word_1_97' title='bbox 1251 1639 1284 1700; x_wconf 92' lang='lat' dir='ltr'><strong>et</strong></span> <span class='ocrx_word' id='word_1_98' title='bbox 1306 1634 1492 1700; x_wconf 89' lang='lat' dir='ltr'><strong>incredulos</strong></span> <span class='ocrx_word' id='word_1_99' title='bbox 1516 1654 1553 1700; x_wconf 89' lang='lat' dir='ltr'><strong>ac</strong></span> <span class='ocrx_word' id='word_1_100' title='bbox 1575 1652 1630 1700; x_wconf 90' lang='lat' dir='ltr'><strong>re·</strong></span> <span class='ocrx_word' id='word_1_101' title='bbox 1753 1648 1754 1686; x_wconf 70' lang='lat' dir='ltr'><strong>l</strong></span> 
     </span>
    </p>
   </div>
   <div class='ocr_carea' id='block_1_3' title="bbox 382 1733 1755 1824">
    <p class='ocr_par' dir='ltr' id='par_1_6' title="bbox 382 1733 1755 1824">
     <span class='ocr_line' id='line_1_14' title="bbox 382 1733 1755 1824; baseline 0.005 -26"><span class='ocrx_word' id='word_1_102' title='bbox 382 1733 497 1801; x_wconf 88' lang='lat' dir='ltr'><strong>belles.</strong></span> <span class='ocrx_word' id='word_1_103' title='bbox 521 1741 611 1802; x_wconf 89' lang='lat' dir='ltr'><strong>metu</strong></span> <span class='ocrx_word' id='word_1_104' title='bbox 632 1738 732 1805; x_wconf 84' lang='lat' dir='ltr'><strong>futuri</strong></span> <span class='ocrx_word' id='word_1_105' title='bbox 752 1740 861 1823; x_wconf 90' lang='lat' dir='ltr'><strong>iudicij</strong></span> <span class='ocrx_word' id='word_1_106' title='bbox 887 1747 921 1807; x_wconf 89' lang='lat' dir='ltr'><strong>et</strong></span> <span class='ocrx_word' id='word_1_107' title='bbox 943 1741 1120 1824; x_wconf 84' lang='lat' dir='ltr'><strong>perhennis</strong></span> <span class='ocrx_word' id='word_1_108' title='bbox 1144 1740 1295 1824; x_wconf 87' lang='lat' dir='ltr'><strong>supplicij</strong></span> <span class='ocrx_word' id='word_1_109' title='bbox 1319 1739 1533 1806; x_wconf 86' lang='lat' dir='ltr'><strong>deterrerent.</strong></span> <span class='ocrx_word' id='word_1_110' title='bbox 1754 1738 1755 1772; x_wconf 67' lang='lat' dir='ltr'><strong>r</strong></span> 
     </span>
    </p>
   </div>
   <div class='ocr_carea' id='block_1_4' title="bbox 465 1848 1355 1983">
    <p class='ocr_par' dir='ltr' id='par_1_7' title="bbox 465 1828 1757 1983">
     <span class='ocr_line' id='line_1_15' title="bbox 465 1848 1355 1983; baseline -0.005 -72"><span class='ocrx_word' id='word_1_111' title='bbox 465 1848 549 1926; x_wconf 73' lang='lat' dir='ltr'><strong>Rcsp.</strong></span> <span class='ocrx_word' id='word_1_112' title='bbox 594 1850 618 1910; x_wconf 95' lang='grc' dir='ltr'><strong>Ο</strong></span> <span class='ocrx_word' id='word_1_113' title='bbox 642 1857 773 1929; x_wconf 81' lang='lat' dir='ltr'><strong>quantus</strong></span> <span class='ocrx_word' id='word_1_114' title='bbox 797 1858 856 1912; x_wconf 89' lang='lat' dir='ltr'><strong>stc.</strong></span> <span class='ocrx_word' id='word_1_115' title='bbox 1064 1927 1104 1952; x_wconf 54' lang='grc' dir='ltr'><strong><em>Ε</em></strong></span> <span class='ocrx_word' id='word_1_116' title='bbox 1127 1926 1147 1983; x_wconf 72' lang='lat' dir='ltr'><strong>p</strong></span> <span class='ocrx_word' id='word_1_117' title='bbox 1182 1903 1355 1965; x_wconf 42' lang='lat'><strong>22922-33·</strong></span> 
     </span>
    </p>
   </div>
   <div class='ocr_carea' id='block_1_5' title="bbox 376 1955 1759 3282">
    <p class='ocr_par' dir='ltr' id='par_1_8' title="bbox 376 1955 1759 3282">
     <span class='ocr_line' id='line_1_16' title="bbox 466 1955 1758 2032; baseline 0.005 -18"><span class='ocrx_word' id='word_1_118' title='bbox 466 1975 535 2014; x_wconf 82' lang='lat' dir='ltr'><strong>ocra.</strong></span> <span class='ocrx_word' id='word_1_119' title='bbox 577 1955 692 2017; x_wconf 82' lang='lat' dir='ltr'><strong>Multos</strong></span> <span class='ocrx_word' id='word_1_120' title='bbox 715 1957 849 2019; x_wconf 84' lang='lat' dir='ltr'><strong>habebat</strong></span> <span class='ocrx_word' id='word_1_121' title='bbox 871 1963 928 2019; x_wconf 88' lang='lat' dir='ltr'><strong>ate.</strong></span> <span class='ocrx_word' id='word_1_122' title='bbox 1668 1975 1695 2023; x_wconf 80' lang='lat'><strong>15</strong></span> <span class='ocrx_word' id='word_1_123' title='bbox 1757 2010 1758 2032; x_wconf 37' lang='lat' dir='ltr'><strong>q</strong></span> 
     </span>
     <span class='ocr_line' id='line_1_17' title="bbox 466 2051 1759 2139; baseline 0.002 -21"><span class='ocrx_word' id='word_1_124' title='bbox 466 2051 573 2119; x_wconf 79' lang='lat' dir='ltr'><strong>Lectio</strong></span> <span class='ocrx_word' id='word_1_125' title='bbox 595 2055 641 2138; x_wconf 77' lang='lat' dir='ltr'><strong>iij.</strong></span> <span class='ocrx_word' id='word_1_126' title='bbox 686 2053 737 2121; x_wconf 91' lang='lat' dir='ltr'><strong>Illi</strong></span> <span class='ocrx_word' id='word_1_127' title='bbox 760 2061 836 2123; x_wconf 90' lang='lat' dir='ltr'><strong>tunc</strong></span> <span class='ocrx_word' id='word_1_128' title='bbox 860 2059 909 2137; x_wconf 75' lang='lat' dir='ltr'><strong>(vt</strong></span> <span class='ocrx_word' id='word_1_129' title='bbox 931 2057 1082 2137; x_wconf 78' lang='lat' dir='ltr'><strong>diximus)</strong></span> <span class='ocrx_word' id='word_1_130' title='bbox 1104 2055 1271 2139; x_wconf 87' lang='lat' dir='ltr'><strong>prouincie</strong></span> <span class='ocrx_word' id='word_1_131' title='bbox 1300 2059 1431 2138; x_wconf 80' lang='lat' dir='ltr'><strong>preerat</strong></span> <span class='ocrx_word' id='word_1_132' title='bbox 1462 2055 1629 2136; x_wconf 89' lang='lat' dir='ltr'><strong>gloriosus</strong></span> <span class='ocrx_word' id='word_1_133' title='bbox 1758 2099 1759 2110; x_wconf 24' lang='grc' dir='ltr'><strong>η</strong></span> 
     </span>
     <span class='ocr_line' id='line_1_18' title="bbox 380 2158 1629 2245; baseline 0.003 -22"><span class='ocrx_word' id='word_1_134' title='bbox 380 2176 437 2224; x_wconf 86' lang='lat' dir='ltr'><strong>rex</strong></span> <span class='ocrx_word' id='word_1_135' title='bbox 450 2158 579 2225; x_wconf 89' lang='lat' dir='ltr'><strong>clauus:</strong></span> <span class='ocrx_word' id='word_1_136' title='bbox 598 2161 653 2242; x_wconf 94' lang='lat' dir='ltr'><strong>qui</strong></span> <span class='ocrx_word' id='word_1_137' title='bbox 663 2160 743 2228; x_wconf 89' lang='lat' dir='ltr'><strong>licet</strong></span> <span class='ocrx_word' id='word_1_138' title='bbox 753 2162 883 2244; x_wconf 90' lang='lat' dir='ltr'><strong>gentilis</strong></span> <span class='ocrx_word' id='word_1_139' title='bbox 894 2167 1010 2228; x_wconf 86' lang='lat' dir='ltr'><strong>natura</strong></span> <span class='ocrx_word' id='word_1_140' title='bbox 1020 2167 1129 2228; x_wconf 87' lang='lat' dir='ltr'><strong>tamen</strong></span> <span class='ocrx_word' id='word_1_141' title='bbox 1141 2162 1302 2245; x_wconf 90' lang='lat' dir='ltr'><strong>benignus</strong></span> <span class='ocrx_word' id='word_1_142' title='bbox 1314 2167 1399 2228; x_wconf 87' lang='lat' dir='ltr'><strong>erat:</strong></span> <span class='ocrx_word' id='word_1_143' title='bbox 1423 2160 1629 2227; x_wconf 86' lang='lat' dir='ltr'><strong>etadhonc·</strong></span> 
     </span>
     <span class='ocr_line' id='line_1_19' title="bbox 382 2265 1629 2351; baseline 0.003 -23"><span class='ocrx_word' id='word_1_144' title='bbox 382 2269 434 2329; x_wconf 90' lang='lat' dir='ltr'><strong>sta</strong></span> <span class='ocrx_word' id='word_1_145' title='bbox 452 2283 580 2348; x_wconf 86' lang='lat' dir='ltr'><strong>queque</strong></span> <span class='ocrx_word' id='word_1_146' title='bbox 599 2268 759 2334; x_wconf 87' lang='lat' dir='ltr'><strong>sectanda</strong></span> <span class='ocrx_word' id='word_1_147' title='bbox 776 2268 913 2351; x_wconf 86' lang='lat' dir='ltr'><strong>quadam</strong></span> <span class='ocrx_word' id='word_1_148' title='bbox 931 2269 1050 2335; x_wconf 91' lang='lat' dir='ltr'><strong>mentis</strong></span> <span class='ocrx_word' id='word_1_149' title='bbox 1062 2269 1263 2351; x_wconf 80' lang='lat' dir='ltr'><strong>ingenuitate</strong></span> <span class='ocrx_word' id='word_1_150' title='bbox 1285 2267 1550 2351; x_wconf 86' lang='lat' dir='ltr'><strong>promptissimus</strong></span> <span class='ocrx_word' id='word_1_151' title='bbox 1562 2265 1629 2332; x_wconf 90' lang='lat' dir='ltr'><strong>Hic</strong></span> 
     </span>
     <span class='ocr_line' id='line_1_20' title="bbox 376 2369 1626 2456; baseline 0.002 -20"><span class='ocrx_word' id='word_1_152' title='bbox 376 2373 565 2452; x_wconf 88' lang='lat' dir='ltr'><strong>euangelica</strong></span> <span class='ocrx_word' id='word_1_153' title='bbox 577 2374 725 2439; x_wconf 85' lang='lat' dir='ltr'><strong>veritatis</strong></span> <span class='ocrx_word' id='word_1_154' title='bbox 743 2373 932 2440; x_wconf 81' lang='lat' dir='ltr'><strong>sinceritate</strong></span> <span class='ocrx_word' id='word_1_155' title='bbox 950 2375 982 2439; x_wconf 91' lang='lat' dir='ltr'><strong>in</strong></span> <span class='ocrx_word' id='word_1_156' title='bbox 1002 2375 1109 2456; x_wconf 78' lang='lat' dir='ltr'><strong>englis</strong></span> <span class='ocrx_word' id='word_1_157' title='bbox 1131 2374 1208 2440; x_wconf 95' lang='lat' dir='ltr'><strong>olim</strong></span> <span class='ocrx_word' id='word_1_158' title='bbox 1231 2377 1408 2455; x_wconf 88' lang='lat' dir='ltr'><strong>comperta.</strong></span> <span class='ocrx_word' id='word_1_159' title='bbox 1432 2369 1530 2437; x_wconf 89' lang='lat' dir='ltr'><strong>fidem</strong></span> <span class='ocrx_word' id='word_1_160' title='bbox 1551 2376 1626 2438; x_wconf 91' lang='lat' dir='ltr'><strong>toto</strong></span> 
     </span>
     <span class='ocr_line' id='line_1_21' title="bbox 376 2475 1693 2561; baseline 0.005 -22"><span class='ocrx_word' id='word_1_161' title='bbox 376 2475 511 2541; x_wconf 89' lang='lat' dir='ltr'><strong>admisit</strong></span> <span class='ocrx_word' id='word_1_162' title='bbox 521 2482 672 2558; x_wconf 88' lang='lat' dir='ltr'><strong>pectore:</strong></span> <span class='ocrx_word' id='word_1_163' title='bbox 696 2483 730 2545; x_wconf 91' lang='lat' dir='ltr'><strong>et</strong></span> <span class='ocrx_word' id='word_1_164' title='bbox 748 2479 790 2544; x_wconf 88' lang='lat' dir='ltr'><strong>ad</strong></span> <span class='ocrx_word' id='word_1_165' title='bbox 803 2478 956 2561; x_wconf 89' lang='lat' dir='ltr'><strong>baptismi</strong></span> <span class='ocrx_word' id='word_1_166' title='bbox 979 2482 1114 2561; x_wconf 85' lang='lat' dir='ltr'><strong>gratiam</strong></span> <span class='ocrx_word' id='word_1_167' title='bbox 1139 2480 1172 2544; x_wconf 93' lang='lat' dir='ltr'><strong>in</strong></span> <span class='ocrx_word' id='word_1_168' title='bbox 1194 2478 1273 2544; x_wconf 87' lang='lat' dir='ltr'><strong>vrbe</strong></span> <span class='ocrx_word' id='word_1_169' title='bbox 1297 2477 1479 2556; x_wconf 89' lang='lat' dir='ltr'><strong>rothomagi</strong></span> <span class='ocrx_word' id='word_1_170' title='bbox 1503 2477 1629 2542; x_wconf 88' lang='lat' dir='ltr'><strong>deuota</strong></span> <span class='ocrx_word' id='word_1_171' title='bbox 1663 2501 1693 2546; x_wconf 83' lang='lat' dir='ltr'><strong>ao</strong></span> 
     </span>
     <span class='ocr_line' id='line_1_22' title="bbox 377 2581 1625 2665; baseline 0.002 -20"><span class='ocrx_word' id='word_1_172' title='bbox 377 2581 475 2646; x_wconf 88' lang='lat' dir='ltr'><strong>animi</strong></span> <span class='ocrx_word' id='word_1_173' title='bbox 508 2581 682 2650; x_wconf 80' lang='lat' dir='ltr'><strong>alacritate</strong></span> <span class='ocrx_word' id='word_1_174' title='bbox 716 2584 912 2650; x_wconf 87' lang='lat' dir='ltr'><strong>conuolauit.</strong></span> <span class='ocrx_word' id='word_1_175' title='bbox 967 2584 1160 2651; x_wconf 86' lang='lat' dir='ltr'><strong>Purificatns</strong></span> <span class='ocrx_word' id='word_1_176' title='bbox 1196 2584 1295 2665; x_wconf 87' lang='lat' dir='ltr'><strong>igitur</strong></span> <span class='ocrx_word' id='word_1_177' title='bbox 1321 2584 1453 2649; x_wconf 91' lang='lat' dir='ltr'><strong>lauacro</strong></span> <span class='ocrx_word' id='word_1_178' title='bbox 1475 2583 1625 2648; x_wconf 87' lang='lat' dir='ltr'><strong>salutari.</strong></span> 
     </span>
     <span class='ocr_line' id='line_1_23' title="bbox 376 2687 1627 2770; baseline 0.001 -17"><span class='ocrx_word' id='word_1_179' title='bbox 376 2694 514 2770; x_wconf 89' lang='lat' dir='ltr'><strong>repente</strong></span> <span class='ocrx_word' id='word_1_180' title='bbox 536 2693 680 2754; x_wconf 90' lang='lat' dir='ltr'><strong>mutatus</strong></span> <span class='ocrx_word' id='word_1_181' title='bbox 711 2689 823 2754; x_wconf 90' lang='lat' dir='ltr'><strong>estin</strong></span> <span class='ocrx_word' id='word_1_182' title='bbox 853 2689 951 2756; x_wconf 88' lang='lat' dir='ltr'><strong>alium</strong></span> <span class='ocrx_word' id='word_1_183' title='bbox 980 2692 1101 2756; x_wconf 86' lang='lat' dir='ltr'><strong>virum:</strong></span> <span class='ocrx_word' id='word_1_184' title='bbox 1136 2695 1170 2756; x_wconf 90' lang='lat' dir='ltr'><strong>et</strong></span> <span class='ocrx_word' id='word_1_185' title='bbox 1203 2691 1306 2770; x_wconf 89' lang='lat' dir='ltr'><strong>(iuxta</strong></span> <span class='ocrx_word' id='word_1_186' title='bbox 1336 2689 1421 2770; x_wconf 91' lang='lat' dir='ltr'><strong>quod</strong></span> <span class='ocrx_word' id='word_1_187' title='bbox 1453 2687 1627 2770; x_wconf 85' lang='lat' dir='ltr'><strong>apostolus</strong></span> 
     </span>
     <span class='ocr_line' id='line_1_24' title="bbox 379 2792 1627 2879; baseline 0 -21"><span class='ocrx_word' id='word_1_188' title='bbox 379 2792 439 2872; x_wconf 89' lang='lat' dir='ltr'><strong>ait)</strong></span> <span class='ocrx_word' id='word_1_189' title='bbox 464 2793 676 2876; x_wconf 89' lang='lat' dir='ltr'><strong>consepultus</strong></span> <span class='ocrx_word' id='word_1_190' title='bbox 701 2793 823 2860; x_wconf 89' lang='lat' dir='ltr'><strong>christo</strong></span> <span class='ocrx_word' id='word_1_191' title='bbox 846 2813 905 2877; x_wconf 90' lang='lat' dir='ltr'><strong>per</strong></span> <span class='ocrx_word' id='word_1_192' title='bbox 926 2795 1125 2879; x_wconf 89' lang='lat' dir='ltr'><strong>baptismum</strong></span> <span class='ocrx_word' id='word_1_193' title='bbox 1156 2796 1188 2860; x_wconf 94' lang='lat' dir='ltr'><strong>in</strong></span> <span class='ocrx_word' id='word_1_194' title='bbox 1217 2799 1372 2860; x_wconf 89' lang='lat' dir='ltr'><strong>mortem:</strong></span> <span class='ocrx_word' id='word_1_195' title='bbox 1407 2792 1528 2860; x_wconf 90' lang='lat' dir='ltr'><strong>oblitus</strong></span> <span class='ocrx_word' id='word_1_196' title='bbox 1560 2811 1627 2874; x_wconf 89' lang='lat' dir='ltr'><strong>que</strong></span> 
     </span>
     <span class='ocr_line' id='line_1_25' title="bbox 376 2898 1627 2980; baseline 0 -17"><span class='ocrx_word' id='word_1_197' title='bbox 376 2903 465 2980; x_wconf 81' lang='lat' dir='ltr'><strong>retqo</strong></span> <span class='ocrx_word' id='word_1_198' title='bbox 498 2903 581 2965; x_wconf 86' lang='lat' dir='ltr'><strong>sunt.</strong></span> <span class='ocrx_word' id='word_1_199' title='bbox 615 2898 648 2964; x_wconf 92' lang='lat' dir='ltr'><strong>in</strong></span> <span class='ocrx_word' id='word_1_200' title='bbox 677 2900 842 2966; x_wconf 89' lang='lat' dir='ltr'><strong>anteriora</strong></span> <span class='ocrx_word' id='word_1_201' title='bbox 871 2917 908 2965; x_wconf 91' lang='lat' dir='ltr'><strong>se</strong></span> <span class='ocrx_word' id='word_1_202' title='bbox 941 2901 1126 2967; x_wconf 87' lang='lat' dir='ltr'><strong>extendens.</strong></span> <span class='ocrx_word' id='word_1_203' title='bbox 1156 2901 1188 2967; x_wconf 89' lang='lat' dir='ltr'><strong>ln</strong></span> <span class='ocrx_word' id='word_1_204' title='bbox 1211 2901 1359 2966; x_wconf 88' lang='lat' dir='ltr'><strong>nouitate</strong></span> <span class='ocrx_word' id='word_1_205' title='bbox 1382 2901 1448 2966; x_wconf 85' lang='lat' dir='ltr'><strong>vite</strong></span> <span class='ocrx_word' id='word_1_206' title='bbox 1470 2901 1627 2980; x_wconf 87' lang='lat' dir='ltr'><strong>suscepte</strong></span> 
     </span>
     <span class='ocr_line' id='line_1_26' title="bbox 378 3003 1689 3086; baseline -0.001 -18"><span class='ocrx_word' id='word_1_207' title='bbox 378 3003 547 3085; x_wconf 83' lang='lat' dir='ltr'><strong>religionis</strong></span> <span class='ocrx_word' id='word_1_208' title='bbox 568 3004 825 3086; x_wconf 83' lang='lat' dir='ltr'><strong>perfectissimus</strong></span> <span class='ocrx_word' id='word_1_209' title='bbox 848 3005 1044 3072; x_wconf 88' lang='lat' dir='ltr'><strong>obseruator</strong></span> <span class='ocrx_word' id='word_1_210' title='bbox 1067 3005 1258 3072; x_wconf 88' lang='lat' dir='ltr'><strong>ambulabat</strong></span> <span class='ocrx_word' id='word_1_211' title='bbox 1279 3004 1442 3071; x_wconf 85' lang='lat' dir='ltr'><strong>Sardebat</strong></span> <span class='ocrx_word' id='word_1_212' title='bbox 1463 3004 1494 3070; x_wconf 88' lang='lat' dir='ltr'><strong>ci</strong></span> <span class='ocrx_word' id='word_1_213' title='bbox 1517 3004 1624 3069; x_wconf 90' lang='lat' dir='ltr'><strong>omnis</strong></span> <span class='ocrx_word' id='word_1_214' title='bbox 1660 3021 1689 3068; x_wconf 77' lang='lat' dir='ltr'><strong>ae</strong></span> 
     </span>
     <span class='ocr_line' id='line_1_27' title="bbox 378 3108 1624 3194; baseline 0 -21"><span class='ocrx_word' id='word_1_215' title='bbox 378 3127 462 3174; x_wconf 87' lang='lat' dir='ltr'><strong>vana</strong></span> <span class='ocrx_word' id='word_1_216' title='bbox 483 3109 658 3176; x_wconf 86' lang='lat' dir='ltr'><strong>delectatio</strong></span> <span class='ocrx_word' id='word_1_217' title='bbox 689 3115 722 3176; x_wconf 91' lang='lat' dir='ltr'><strong>ct</strong></span> <span class='ocrx_word' id='word_1_218' title='bbox 750 3110 871 3175; x_wconf 89' lang='lat' dir='ltr'><strong>terreni</strong></span> <span class='ocrx_word' id='word_1_219' title='bbox 901 3111 991 3192; x_wconf 87' lang='lat' dir='ltr'><strong>regni</strong></span> <span class='ocrx_word' id='word_1_220' title='bbox 1014 3111 1119 3194; x_wconf 84' lang='lat' dir='ltr'><strong>gloria</strong></span> <span class='ocrx_word' id='word_1_221' title='bbox 1139 3129 1198 3194; x_wconf 88' lang='lat' dir='ltr'><strong>pre</strong></span> <span class='ocrx_word' id='word_1_222' title='bbox 1221 3109 1393 3177; x_wconf 91' lang='lat' dir='ltr'><strong>dulcedine</strong></span> <span class='ocrx_word' id='word_1_223' title='bbox 1415 3108 1545 3175; x_wconf 89' lang='lat' dir='ltr'><strong>celestis</strong></span> <span class='ocrx_word' id='word_1_224' title='bbox 1568 3126 1624 3191; x_wconf 90' lang='lat' dir='ltr'><strong>pa-</strong></span> 
     </span>
     <span class='ocr_line' id='line_1_28' title="bbox 380 3213 652 3282; baseline 0.004 -3"><span class='ocrx_word' id='word_1_225' title='bbox 380 3214 442 3279; x_wconf 86' lang='lat' dir='ltr'><strong>trie</strong></span> <span class='ocrx_word' id='word_1_226' title='bbox 464 3213 652 3282; x_wconf 85' lang='lat' dir='ltr'><strong>vilescebat.</strong></span> 
     </span>
    </p>
   </div>
   <div class='ocr_carea' id='block_1_6' title="bbox 886 747 1121 808">
    <p class='ocr_par' dir='ltr' id='par_1_9' title="bbox 886 747 1121 808">
     <span class='ocr_line' id='line_1_29' title="bbox 886 747 1121 808; baseline -0.009 -14"><span class='ocrx_word' id='word_1_227' title='bbox 886 771 923 794; x_wconf 83' lang='lat'><em>=</em></span> <span class='ocrx_word' id='word_1_228' title='bbox 948 747 1121 808; x_wconf 76' lang='lat' dir='ltr'><strong>2331o-ao¹</strong></span> 
     </span>
    </p>
   </div>
   <div class='ocr_carea' id='block_1_7' title="bbox 464 3327 876 3405">
    <p class='ocr_par' dir='ltr' id='par_1_10' title="bbox 464 3327 876 3405">
     <span class='ocr_line' id='line_1_30' title="bbox 464 3327 876 3405; baseline 0 -15"><span class='ocrx_word' id='word_1_229' title='bbox 464 3327 547 3405; x_wconf 81' lang='lat' dir='ltr'><strong>Recp.</strong></span> <span class='ocrx_word' id='word_1_230' title='bbox 592 3329 699 3390; x_wconf 86' lang='lat' dir='ltr'><strong>Justus</strong></span> <span class='ocrx_word' id='word_1_231' title='bbox 722 3351 795 3391; x_wconf 83' lang='lat' dir='ltr'><strong>vero</strong></span> <span class='ocrx_word' id='word_1_232' title='bbox 819 3338 876 3392; x_wconf 87' lang='lat' dir='ltr'><strong>etc.</strong></span> 
     </span>
    </p>
   </div>
   <div class='ocr_carea' id='block_1_8' title="bbox 461 3379 1284 3496">
    <p class='ocr_par' dir='ltr' id='par_1_11' title="bbox 461 3379 1284 3496">
     <span class='ocr_line' id='line_1_31' title="bbox 461 3379 1284 3496; baseline -0.04 -1"><span class='ocrx_word' id='word_1_233' title='bbox 461 3453 528 3494; x_wconf 80' lang='lat' dir='ltr'><strong>vera</strong></span> <span class='ocrx_word' id='word_1_234' title='bbox 575 3434 731 3495; x_wconf 83' lang='lat' dir='ltr'><strong>Offerebat</strong></span> <span class='ocrx_word' id='word_1_235' title='bbox 753 3441 812 3496; x_wconf 86' lang='lat' dir='ltr'><strong>eto.</strong></span> <span class='ocrx_word' id='word_1_236' title='bbox 937 3404 977 3428; x_wconf 51' lang='grc' dir='ltr'>ξ</span> <span class='ocrx_word' id='word_1_237' title='bbox 999 3401 1030 3460; x_wconf 75' lang='grc' dir='ltr'><strong>Ρ·</strong></span> <span class='ocrx_word' id='word_1_238' title='bbox 1055 3379 1284 3442; x_wconf 63' lang='lat'><strong>23339‘2344·</strong></span> 
     </span>
    </p>
   </div>
   <div class='ocr_carea' id='block_1_9' title="bbox 854 3615 1144 3698">
    <p class='ocr_par' dir='ltr' id='par_1_12' title="bbox 854 3615 1144 3698">
     <span class='ocr_line' id='line_1_32' title="bbox 854 3615 1144 3698; baseline 0.003 -18"><span class='ocrx_word' id='word_1_239' title='bbox 854 3615 897 3680; x_wconf 84' lang='lat' dir='ltr'><strong>Io</strong></span> <span class='ocrx_word' id='word_1_240' title='bbox 918 3616 953 3698; x_wconf 82' lang='lat' dir='ltr'><strong>ij.</strong></span> <span class='ocrx_word' id='word_1_241' title='bbox 976 3621 1144 3681; x_wconf 79' lang='lat' dir='ltr'><strong>nocturno.</strong></span> 
     </span>
    </p>
   </div>
   <div class='ocr_carea' id='block_1_10' title="bbox 461 3749 1475 3923">
    <p class='ocr_par' dir='ltr' id='par_1_13' title="bbox 461 3749 1475 3923">
     <span class='ocr_line' id='line_1_33' title="bbox 462 3749 1475 3836; baseline -0.009 -20"><span class='ocrx_word' id='word_1_242' title='bbox 462 3767 517 3816; x_wconf 84' lang='lat' dir='ltr'><strong>ant.</strong></span> <span class='ocrx_word' id='word_1_243' title='bbox 562 3757 744 3818; x_wconf 83' lang='lat' dir='ltr'><strong>Purificatus</strong></span> <span class='ocrx_word' id='word_1_244' title='bbox 768 3787 808 3798; x_wconf 93' lang='lat'>-</span> <span class='ocrx_word' id='word_1_245' title='bbox 831 3757 943 3818; x_wconf 82' lang='lat' dir='ltr'><strong>affectu</strong></span> <span class='ocrx_word' id='word_1_246' title='bbox 967 3781 1005 3805; x_wconf 61' lang='grc' dir='ltr'><strong>ε</strong></span> <span class='ocrx_word' id='word_1_247' title='bbox 1029 3779 1061 3836; x_wconf 92' lang='lat' dir='ltr'><strong>p.</strong></span> <span class='ocrx_word' id='word_1_248' title='bbox 1086 3755 1225 3829; x_wconf 73' lang='lat' dir='ltr'><strong>234⁶-l,</strong></span> <span class='ocrx_word' id='word_1_249' title='bbox 1248 3751 1342 3824; x_wconf 59' lang='lat'><strong>⁹0¹1,</strong></span> <span class='ocrx_word' id='word_1_250' title='bbox 1367 3749 1475 3807; x_wconf 70' lang='grc'><strong>18-14.</strong></span> 
     </span>
     <span class='ocr_line' id='line_1_34' title="bbox 461 3863 720 3923; baseline -0.004 -1"><span class='ocrx_word' id='word_1_251' title='bbox 461 3881 530 3923; x_wconf 80' lang='lat' dir='ltr'><strong>vcra.</strong></span> <span class='ocrx_word' id='word_1_252' title='bbox 573 3863 720 3923; x_wconf 86' lang='lat' dir='ltr'><strong>Posuisti.</strong></span> 
     </span>
    </p>
   </div>
   <div class='ocr_carea' id='block_1_11' title="bbox 377 4058 1685 4680">
    <p class='ocr_par' dir='ltr' id='par_1_14' title="bbox 377 4058 1685 4680">
     <span class='ocr_line' id='line_1_35' title="bbox 378 4058 1622 4150; baseline -0.01 -16"><span class='ocrx_word' id='word_1_253' title='bbox 378 4073 413 4134; x_wconf 90' lang='lat' dir='ltr'><strong>et</strong></span> <span class='ocrx_word' id='word_1_254' title='bbox 433 4068 512 4135; x_wconf 89' lang='lat' dir='ltr'><strong>lieet</strong></span> <span class='ocrx_word' id='word_1_255' title='bbox 534 4068 671 4133; x_wconf 87' lang='lat' dir='ltr'><strong>terrenis</strong></span> <span class='ocrx_word' id='word_1_256' title='bbox 701 4066 847 4148; x_wconf 80' lang='lat' dir='ltr'><strong>negociis</strong></span> <span class='ocrx_word' id='word_1_257' title='bbox 878 4067 1073 4150; x_wconf 91' lang='lat' dir='ltr'><strong>implicatus.</strong></span> <span class='ocrx_word' id='word_1_258' title='bbox 1097 4063 1305 4130; x_wconf 90' lang='lat' dir='ltr'><strong>nihilominus</strong></span> <span class='ocrx_word' id='word_1_259' title='bbox 1331 4058 1549 4128; x_wconf 88' lang='lat' dir='ltr'><strong>meditabatur</strong></span> <span class='ocrx_word' id='word_1_260' title='bbox 1571 4075 1622 4122; x_wconf 90' lang='lat' dir='ltr'><strong>ce·</strong></span> 
     </span>
     <span class='ocr_line' id='line_1_36' title="bbox 377 4161 1685 4255; baseline -0.01 -17"><span class='ocrx_word' id='word_1_261' title='bbox 377 4173 484 4238; x_wconf 83' lang='lat' dir='ltr'><strong>lestis.</strong></span> <span class='ocrx_word' id='word_1_262' title='bbox 519 4171 679 4255; x_wconf 85' lang='lat' dir='ltr'><strong>Quicquid</strong></span> <span class='ocrx_word' id='word_1_263' title='bbox 697 4171 809 4238; x_wconf 90' lang='lat' dir='ltr'><strong>diuina</strong></span> <span class='ocrx_word' id='word_1_264' title='bbox 825 4172 876 4239; x_wconf 89' lang='lat' dir='ltr'><strong>lex</strong></span> <span class='ocrx_word' id='word_1_265' title='bbox 887 4171 1050 4255; x_wconf 89' lang='lat' dir='ltr'><strong>probibet.</strong></span> <span class='ocrx_word' id='word_1_266' title='bbox 1069 4169 1280 4236; x_wconf 89' lang='lat' dir='ltr'><strong>vehementer</strong></span> <span class='ocrx_word' id='word_1_267' title='bbox 1296 4165 1510 4233; x_wconf 88' lang='lat' dir='ltr'><strong>abhorrebat:</strong></span> <span class='ocrx_word' id='word_1_268' title='bbox 1534 4161 1621 4244; x_wconf 91' lang='lat' dir='ltr'><strong>quic·</strong></span> <span class='ocrx_word' id='word_1_269' title='bbox 1656 4181 1685 4227; x_wconf 79' lang='lat' dir='ltr'><strong>an</strong></span> 
     </span>
     <span class='ocr_line' id='line_1_37' title="bbox 377 4267 1621 4361; baseline -0.01 -18"><span class='ocrx_word' id='word_1_270' title='bbox 377 4277 454 4360; x_wconf 91' lang='lat' dir='ltr'><strong>quid</strong></span> <span class='ocrx_word' id='word_1_271' title='bbox 483 4284 592 4344; x_wconf 89' lang='lat' dir='ltr'><strong>antem</strong></span> <span class='ocrx_word' id='word_1_272' title='bbox 624 4277 773 4361; x_wconf 86' lang='lat' dir='ltr'><strong>precipit.</strong></span> <span class='ocrx_word' id='word_1_273' title='bbox 804 4279 1033 4343; x_wconf 88' lang='lat' dir='ltr'><strong>ardentissimo</strong></span> <span class='ocrx_word' id='word_1_274' title='bbox 1063 4273 1344 4358; x_wconf 86' lang='lat' dir='ltr'><strong>complectebatur</strong></span> <span class='ocrx_word' id='word_1_275' title='bbox 1372 4269 1500 4338; x_wconf 78' lang='lat' dir='ltr'><strong>affectu.</strong></span> <span class='ocrx_word' id='word_1_276' title='bbox 1551 4267 1621 4332; x_wconf 90' lang='lat' dir='ltr'><strong>Nec</strong></span> 
     </span>
     <span class='ocr_line' id='line_1_38' title="bbox 377 4375 1620 4468; baseline -0.007 -21"><span class='ocrx_word' id='word_1_277' title='bbox 377 4383 509 4468; x_wconf 87' lang='lat' dir='ltr'><strong>propria</strong></span> <span class='ocrx_word' id='word_1_278' title='bbox 538 4383 645 4448; x_wconf 88' lang='lat' dir='ltr'><strong>salute</strong></span> <span class='ocrx_word' id='word_1_279' title='bbox 676 4387 859 4467; x_wconf 74' lang='lat' dir='ltr'><strong>contentus.</strong></span> <span class='ocrx_word' id='word_1_280' title='bbox 888 4381 1025 4465; x_wconf 91' lang='lat' dir='ltr'><strong>populos</strong></span> <span class='ocrx_word' id='word_1_281' title='bbox 1058 4380 1176 4464; x_wconf 90' lang='lat' dir='ltr'><strong>quibus</strong></span> <span class='ocrx_word' id='word_1_282' title='bbox 1197 4385 1340 4462; x_wconf 87' lang='lat' dir='ltr'><strong>preerat.</strong></span> <span class='ocrx_word' id='word_1_283' title='bbox 1362 4377 1402 4442; x_wconf 95' lang='lat' dir='ltr'><strong>ad</strong></span> <span class='ocrx_word' id='word_1_284' title='bbox 1424 4375 1522 4442; x_wconf 87' lang='lat' dir='ltr'><strong>fidem</strong></span> <span class='ocrx_word' id='word_1_285' title='bbox 1544 4391 1620 4440; x_wconf 91' lang='lat' dir='ltr'><strong>con·</strong></span> 
     </span>
     <span class='ocr_line' id='line_1_39' title="bbox 377 4481 1621 4570; baseline -0.011 -14"><span class='ocrx_word' id='word_1_286' title='bbox 377 4493 517 4556; x_wconf 89' lang='lat' dir='ltr'><strong>uertere.</strong></span> <span class='ocrx_word' id='word_1_287' title='bbox 541 4487 688 4570; x_wconf 85' lang='lat' dir='ltr'><strong>vigilanti</strong></span> <span class='ocrx_word' id='word_1_288' title='bbox 710 4489 877 4556; x_wconf 89' lang='lat' dir='ltr'><strong>nitebatur</strong></span> <span class='ocrx_word' id='word_1_289' title='bbox 897 4488 1062 4554; x_wconf 87' lang='lat' dir='ltr'><strong>instantia.</strong></span> <span class='ocrx_word' id='word_1_290' title='bbox 1107 4486 1150 4551; x_wconf 80' lang='lat' dir='ltr'><strong>Et</strong></span> <span class='ocrx_word' id='word_1_291' title='bbox 1178 4503 1264 4551; x_wconf 92' lang='lat' dir='ltr'><strong>nouo</strong></span> <span class='ocrx_word' id='word_1_292' title='bbox 1286 4501 1395 4550; x_wconf 90' lang='lat' dir='ltr'><strong>rerum</strong></span> <span class='ocrx_word' id='word_1_293' title='bbox 1417 4481 1539 4548; x_wconf 90' lang='lat' dir='ltr'><strong>ordine.</strong></span> <span class='ocrx_word' id='word_1_294' title='bbox 1563 4496 1621 4544; x_wconf 85' lang='lat' dir='ltr'><strong>rex</strong></span> 
     </span>
     <span class='ocr_line' id='line_1_40' title="bbox 379 4583 1621 4680; baseline -0.012 -18"><span class='ocrx_word' id='word_1_295' title='bbox 379 4593 523 4680; x_wconf 86' lang='lat' dir='ltr'><strong>apostoli</strong></span> <span class='ocrx_word' id='word_1_296' title='bbox 554 4593 656 4660; x_wconf 85' lang='lat' dir='ltr'><strong>uicem</strong></span> <span class='ocrx_word' id='word_1_297' title='bbox 691 4611 817 4675; x_wconf 85' lang='lat' dir='ltr'><strong>gerens.</strong></span> <span class='ocrx_word' id='word_1_298' title='bbox 851 4594 925 4679; x_wconf 88' lang='lat' dir='ltr'><strong>ipsc</strong></span> <span class='ocrx_word' id='word_1_299' title='bbox 959 4593 1023 4659; x_wconf 87' lang='lat' dir='ltr'><strong>dux</strong></span> <span class='ocrx_word' id='word_1_300' title='bbox 1053 4591 1152 4660; x_wconf 88' lang='lat' dir='ltr'><strong>verbi.</strong></span> <span class='ocrx_word' id='word_1_301' title='bbox 1186 4591 1300 4657; x_wconf 89' lang='lat' dir='ltr'><strong>christi</strong></span> <span class='ocrx_word' id='word_1_302' title='bbox 1330 4589 1466 4672; x_wconf 88' lang='lat' dir='ltr'><strong>gratiam</strong></span> <span class='ocrx_word' id='word_1_303' title='bbox 1494 4583 1621 4668; x_wconf 88' lang='lat' dir='ltr'><strong>passim</strong></span> 
     </span>
    </p>
   </div>
   <div class='ocr_carea' id='block_1_12' title="bbox 0 0 1823 5344">
    <p class='ocr_par' dir='ltr' id='par_1_15' title="bbox 0 0 1823 5344">
     <span class='ocr_line' id='line_1_41' title="bbox 0 0 1823 5344; baseline 0 0"><span class='ocrx_word' id='word_1_304' title='bbox 0 0 1823 5344; x_wconf 95' lang='lat' dir='ltr'><strong> </strong></span> 
     </span>
    </p>
   </div>
  </div>
 </body>
</html>
