3654 5336
801 1304 824 1350 1.

197 1470 204 1484 .
229 1468 236 1482 .
261 1469 300 1483 ...
325 1467 333 1484 .
356 1417 475 1483 dicitnr
500 1417 773 1499 Tartalgnria
796 1419 973 1502 Hispanico
996 1439 1072 1487 vero
1096 1418 1206 1485 Oabo
1230 1428 1323 1488 nant
1345 1423 1437 1489 Vin·
1480 1402 1649 1480 “iter''i'a‘i

198 1527 299 1602 cent
322 1540 361 1588 eo
384 1523 471 1604 qnod
494 1521 538 1587 ibi
562 1541 677 1606 corpus
696 1525 800 1590 nancti
818 1523 968 1590 Vincenti
986 1523 1050 1590 init
1070 1523 1238 1590 inventum
1261 1527 1294 1592 in
1314 1527 1436 1596 littore.
1465 1602 1469 1609 ,
1529 1515 1532 1524 ’
1579 1515 1583 1523 ”

281 1629 331 1694 De
354 1628 419 1693 ietn
441 1627 513 1692 loce
538 1645 640 1709 usqne
664 1628 705 1694 ad
720 1629 934 1711 Kartaginem
956 1630 1019 1695 iter
1041 1641 1172 1711 semper
1189 1624 1345 1712 ¹‹iirigitnr
1366 1651 1438 1699 rer-

185 1751 254 1799 -eus
283 1733 452 1813 orientem,
489 1738 523 1798 nt
555 1731 695 1799 habetur
723 1733 882 1817 Hispania
911 1735 953 1800 nd
982 1735 1108 1814 laevam,
1137 1733 1258 1801 Affricn
1290 1755 1367 1803 vern
1395 1737 1437 1802 nd

147 1839 375 1908 ademeram.
468 1886 472 1891 .
1491 1829 1496 1840 '

280 1943 360 2010 Post
371 1942 460 2008 Onbn
478 1945 567 2008 aant¹
591 1940 729 2008 Vincent
744 1944 874 2012 venitur
891 1945 931 2012 ad
949 1963 1074 2026 nanum,
1094 1943 1150 2026 qni
1163 1943 1282 2011 dicitnr
1303 1946 1438 2012 Tarin-

196 2051 332 2129 nnbnn
355 2048 542 2114 deinde'est
560 2047 674 2112 civitae
693 2047 915 2129 silvestris,
936 2055 1078 2116 castrum
1100 2048 1274 2132 Albuier‚
1297 2057 1439 2120 sancta

195 2153 328 2222 Maria
350 2155 398 2220 de
418 2151 595 2236 Pharnm
617 2153 888 2235 postenGaries,
900 2141 1052 2221 Herculii
1067 2155 1174 2221 inania
1190 2155 1353 2238 videlicet,
1365 2175 1438 2240 qna

196 2261 261 2326 elin
294 2258 426 2325 nomine
457 2262 595 2323 roratur
623 2255 750 2322 iiadie².
802 2257 864 2326 iiic
893 2242 1044 2326 intratur
1066 2276 1180 2324 versun
1208 2259 1437 2343 Hispalensem
1575 2311 1581 2328 .

130 2371 162 2419 1⁰
196 2365 371 2443 civitatem,
406 2381 479 2446 qnae
512 2362 576 2428 aiio
606 2361 737 2428 nemine
769 2361 922 2429 Sibilia
955 2369 1098 2431 vocatur.
1144 2363 1257 2445 nsque
1287 2365 1438 2432 adhunc
1494 2355 1604 2416 ΛΨ

189 2471 362 2537 introitum
395 2468 464 2533 aire
495 2466 536 2532 ad
563 2467 647 2532 hane
676 2465 815 2532 insulam
845 2469 941 2534 durat
963 2469 1173 2550 Algnnbin.
1225 2470 1261 2535 In
1295 2470 1357 2536 hee
1386 2471 1435 2535 in·
1504 2471 1640 2560 (servm
1711 2461 1714 2468 ’

193 2573 266 2641 aula
296 2577 349 2640 est
381 2577 491 2638 statua
520 2570 679 2651 Herculis,
711 2576 827 2640 tenens
861 2573 983 2639 elavem
1014 2579 1048 2640 et
1075 2574 1197 2640 clavem
1227 2575 1437 2642 inmanibus
1536 2573 1539 2585 ⁴

193 2697 288 2747 verno
310 2679 401 2744 rnltn
425 2677 465 2743 ad
478 2675 639 2757 Affricnm,
663 2677 748 2746 dans
765 2679 913 2761 intelligi,
937 2679 1024 2762 quod
1047 2678 1157 2746 Gades
1179 2679 1285 2745 insula
1307 2681 1351 2746 sit
1373 2679 1437 2746 ein·
1513 2683 1516 2688 '

194 2787 243 2851 ris
263 2785 430 2868 Hispania
454 2801 493 2848 nx
514 2783 571 2851 ilia
590 2787 693 2867 parte.
739 2785 775 2848 In
798 2785 859 2850 hae
881 2785 988 2850 inania
1009 2801 1099 2867 eaepe
1122 2783 1225 2850 iaetn⁸
1246 2788 1298 2850 est
1319 2802 1437 2866 magna

129 2895 160 2942 ¹⁵
194 2896 321 2972 attagen
343 2889 509 2954 hominnm
534 2892 601 2954 tem
623 2889 808 2955 christiane
831 2889 937 2971 gentis
960 2907 1056 2972 quarn
1080 2894 1114 2954 et
1136 2887 1364 2968 annaneane,
1384 2901 1435 2956 'eo
1468 2887 1470 2890 ’

195 2995 281 3078 qnod
302 2995 443 3060 vicissim
467 3013 506 3059 er
527 2998 665 3077 utraque
687 2984 782 3076 p'arte
805 2991 1042 3079 occupabatnr3
1071 3012 1156 3060 nnnc
1182 3012 1260 3060 vern
1288 2993 1361 3077 ρετ*
1382 2994 1435 3062 nl-

193 3102 320 3168 inneum
342 3117 450 3181 regern
475 3098 627 3165 castellae
649 3100 763 3182 ejectis
784 3099 861 3165 inde
884 3097 1071 3166 Semneenie
1092 3100 1185 3166 firma
1207 3104 1242 3165 et
1263 3099 1345 3166 bene
1369 3117 1436 3165 mu-

194 3211 267 3272 rata
296 3205 411 3270 civitas
442 3209 496 3268 ent
523 3202 694 3281 aedificata,
723 3203 878 3288 episcopo
911 3205 952 3272 de
975 3205 1089 3272 ordine
1111 3204 1248 3270 fratrum
1275 3204 1435 3271 minorum

194 3311 316 3378 ibidem
338 3310 529 3375 constituto.

265 3447 416 3518 'senten
451 3459 553 3516 'Ketia
572 3465 620 3516 Cd.
656 3457 737 3514 ³inte
754 3461 799 3514 Cd.
835 3457 991 3530 ⁴mg1.cn,

283 3607 309 3664 1.
353 3595 556 3682 Tarinlguria]
581 3602 658 3662 riml.
690 3602 773 3664 arab.
803 3603 877 3662 'narr
905 3603 1051 3666 rel-Gnrib
1083 3599 1237 3676 (nameus
1260 3601 1435 3684 For-biam),

194 3711 276 3774 iaedi
299 3711 378 3770 efter
399 3707 566 3786 Legenden
589 3728 626 3768 en
649 3709 734 3768 Rern
758 3705 941 3783 beekyttede
964 3708 1008 3770 St.
1033 3708 1238 3770 Vincentiue’n
1259 3707 1318 3786 Lig
1340 3706 1436 3784 (ASS.

194 3815 263 3878 Jan.
286 3834 380 3877 menn.
403 3819 425 3872 t.
449 3815 487 3886 11,
513 3809 597 3885 397).

282 3923 310 3980 7.
355 3919 462 3980 civitae
487 3911 659 3996 silvestria]
682 3937 724 3980 nu
747 3917 855 3978 Silvae.

282 4027 309 4084 7.
351 4014 491 4100 Albuier]
515 4043 557 4084 nn
580 4023 748 4084 Albuieina.

281 4133 310 4189 8.
355 4121 487 4200 Pharan]
511 4148 553 4187 nu
574 4127 666 4187 Fano.

283 4234 331 4294 12.
377 4239 479 4294 ataine
511 4223 663 4308 Herculia]
709 4231 817 4292 Denne
851 4231 1054 4292 sentement
1090 4231 1181 4294 indtil
1215 4233 1278 4292 Aer
1313 4234 1392 4294 1009
1425 4232 1437 4290 i

196 4339 283 4408 haine
305 4339 413 4400 Haand
436 4359 474 4398 en
496 4337 597 4415 Nagel
619 4333 753 4411 (clavia),
777 4337 924 4408 derefter,
949 4336 988 4396 da
1011 4337 1111 4396 denne
1134 4356 1188 4397 var
1208 4335 1306 4396 ialdet
1328 4335 1367 4408 ai,
1398 4319 1454 4393 en'

187 4445 275 4506 aton
298 4440 429 4518 (eiavn);
453 4444 513 4503 den
539 4441 612 4503 bler
642 4441 767 4518 adelngt
787 4443 849 4501 Aar
874 4443 972 4518 11453
996 4461 1028 4500 ee
1050 4441 1145 4519 Dory,
1170 4441 1361 4502 Rerherehea
1383 4459 1438 4499 nur

196 4541 347 4610 I’bietnire
369 4554 401 4608 et
421 4548 452 4606 ln
473 4548 647 4608 litterature
672 4548 709 4608 de
731 4545 898 4624 l'Enpegne
921 4547 960 4619 ΙΙ,
984 4549 1044 4608 329
1069 4565 1109 4624 ng
1129 4546 1295 4624 Appendix
1315 4543 1435 4606 XXXV.

284 4655 333 4715 16.
376 4645 471 4731 nune]
517 4652 614 4722 Cadit
644 4653 714 4714 blev
747 4652 873 4728 erebret
904 4653 937 4712 ai
968 4651 1191 4718 Cantilianerne
1223 4652 1235 4714 i
1271 4651 1361 4726 1263,
1402 4669 1436 4710 aa

197 4745 353 4836 merente,
376 4759 513 4822 Historia
534 4758 659 4836 general
681 4757 719 4819 de
735 4757 861 4837 nepam
882 4757 931 4832 VI,
956 4759 1005 4818 38.
