3654 5336
463 357 557 442 tora
576 375 708 443 serem
726 379 840 443 otavi
856 359 961 442 adura
979 389 1025 440 nr
1043 383 1234 442 mnnrvsrs.
1411 374 1467 451 '141

228 559 428 637 mandarent.
472 569 618 654 cumque
634 575 727 662 [illue
751 571 970 651 adventarant
986 564 1028 634 'ut
1046 589 1117 635 eum
1140 571 1359 650 sustollerent,
1382 568 1468 635 illius

229 665 462 756 ejusascendit
483 676 643 755 arborem,
667 675 716 740 cui
740 691 917 755 suspensus
940 675 1141 751 adhaerebat,
1172 691 1242 756 qna
1267 692 1305 739 ex
1328 673 1479 756 quodam

228 779 452 862 promontorio
474 778 539 845 alte
563 779 626 845 fixa
645 778 816 858 manebat;
840 777 931 860 cujus
955 777 1174 844 summitatem
1198 797 1269 844 eum
1291 780 1468 860 praedictus

224 885 352 968 juvenis
375 880 535 966 serpendo
562 885 749 964 attingeret,
769 881 896 948 vibrato
915 885 983 948 ictu
1003 885 1154 966 ligamen,
1178 900 1241 965 quo
1263 880 1469 949 sustentaba-

177 997 193 1044 t
227 993 289 1066 tur,
313 987 470 1072 precidit.
516 985 610 1066 Quod
632 989 707 1052 dum
730 986 833 1066 fieret,
863 1001 980 1068 corpus
1003 982 1245 1053 miserabilem
1268 989 1335 1052 tale
1357 989 1469 1069 prect-

227 1093 342 1176 pitium
377 1092 492 1172 tendit,
523 1099 562 1158 ut
591 1093 696 1174 magis
730 1091 933 1156 membratim
965 1091 1155 1157 crederetur
1177 1093 1348 1158 comminui
1372 1108 1493 1174 quam,

228 1199 326 1264 etiarn
356 1197 474 1262 viventi
504 1196 592 1261 salus
621 1213 720 1278 posse
748 1197 882 1278 sperari.
933 1195 996 1260 Sed
1027 1211 1087 1262 nec
1106 1214 1200 1261 casus
1225 1197 1385 1280 asperitas
1410 1215 1469 1262 nec

223 1301 404 1369 'emittentia
426 1302 551 1384 scopuli
574 1307 707 1382 poterat
728 1301 847 1365 inferre
871 1319 1053 1381 gravamen,
1086 1299 1135 1364 cui
1158 1317 1217 1381 pro
1237 1301 1365 1382 Justitia
1387 1319 1469 1366 mar-

226 1400 307 1488 tyris
328 1406 481 1472 meritum
504 1405 659 1487 prestitit
677 1399 840 1487 juvamen.
893 1402 955 1483 out
978 1405 1089 1470 statim
1113 1407 1205 1487 quasi
1227 1403 1393 1470 resolutus
1414 1423 1467 1470 so·

160 1492 194 1572 io
227 1528 308 1594 pore
330 1509 462 1589 resedit,
485 1511 641 1576 visionem
662 1507 753 1575 velut
771 1510 930 1574 somnium
953 1509 1119 1590 recolens;
1143 1526 1213 1574 cum
1235 1516 1344 1575 autern
1366 1509 1469 1576 disce·

228 1617 326 1682 dente
349 1615 461 1697 algore
483 1617 573 1695 vigor
598 1614 752 1679 membris
775 1620 980 1680 accresceret
1002 1622 1035 1680 et
1057 1621 1225 1698 resumpto
1249 1615 1365 1697 spiritu
1388 1635 1468 1697 pan·

223 1721 317 1787 latim
342 1719 594 1800 convalesceret,
618 1719 657 1784 ad
689 1719 793 1784 sancti
823 1721 975 1802 martyris
1001 1720 1112 1784 limina
1134 1739 1273 1802 propere
1296 1721 1412 1800 tendit,
1436 1725 1470 1786 et

227 1844 295 1891 rem
318 1842 420 1908 penes
443 1842 481 1890 so
502 1829 626 1905 gestam
651 1829 686 1888 et
706 1822 880 1888 multorum
902 1824 1089 1889 testimonio
1106 1825 1320 1906 approbatam
1342 1827 1382 1890 ad
1399 1825 1468 1890 lau·

229 1930 300 1995 dem
325 1930 376 1995 dci
400 1947 439 1994 ex
462 1927 575 1994 ordine
598 1929 668 2010 ejus
688 1927 754 1994 loci
777 1927 1020 2010 archiepiscopo
1044 1933 1078 1994 et
1100 1928 1254 1994 iratribus
1277 1929 1435 2011 exposuit.

162 2013 193 2094 1't
314 2059 358 2099 11.
404 2032 548 2114 Contigit
565 2033 704 2115 quodam
717 2039 866 2114 tempore
889 2033 1063 2113 civitatem,
1086 2034 1117 2098 in
1141 2051 1206 2115 qua
1228 2035 1361 2100 sanctus
1385 2053 1467 2100 mar-

227 2143 281 2222 tyr
307 2138 496 2220 requiescit,
532 2138 740 2203 vehementer
761 2137 903 2217 accendi,
939 2137 1024 2202 unde
1058 2137 1099 2201 ad
1128 2137 1335 2203 muniendam
1364 2140 1467 2222 ipsam

228 2242 398 2310 ecelesiam
423 2259 542 2324 corpus
565 2236 715 2324 martyris
737 2259 796 2324 pro
821 2259 912 2324 muro
935 2241 1063 2323 ignibus
1086 2247 1263 2325 opponunt.
1318 2243 1469 2308 Accessit

226 2353 337 2417 autem
356 2347 487 2429 quidam
507 2345 589 2411 satis
612 2347 804 2412 temerarius
829 2351 862 2412 et
881 2345 1034 2411 scrinium
1053 2348 1202 2428 martyris
1221 2347 1331 2428 coepit
1353 2347 1466 2413 verbe·

221 2439 299 2518 'rare
321 2453 427 2517 minas
448 2445 626 2530 inferendo,
654 2441 746 2532 ‘quod
780 2455 884 2515 totum
916 2451 1010 2515 simul
1042 2449 1193 2516 incendio
1217 2451 1466 2534 relinquendum

160 2565 194 2613 ¹⁰
229 2561 326 2635 esset,
349 2555 412 2621 nisi
434 2556 565 2621 solitum
588 2537 1000 2620 monstraret'beneficium
1024 2558 1057 2620 et
1080 2554 1250 2620 ecclesiam
1274 2573 1345 2620 cum
1366 2555 1468 2634 domi-

224 2663 289 2728 bus
323 2661 429 2726 adbuc
459 2659 570 2726 illaesis
605 2661 673 2724 suia
707 2658 908 2726 orationibus
942 2659 1133 2725 custodiret.
1179 2659 1328 2725 Ecclesia
1359 2651 1466 2724 autem

226 2769 349 2833 intecta
370 2765 557 2847 permensit,
587 2766 644 2830 sed
669 2766 718 2830 vir
737 2764 793 2829 ille
816 2769 913 2830 nocte
936 2765 1087 2848 sequenti
1108 2765 1198 2845 gravi
1221 2763 1388 2829 oculorum
1408 2765 1468 2828 do-

223 2871 297 2936 lore
320 2873 499 2952 correptus,
530 2869 661 2936 tandem
690 2869 722 2934 in
748 2869 886 2935 ecclesia
908 2863 1009 2934 suncti
1033 2870 1183 2952 martyris
1205 2868 1359 2951 precibus
1380 2870 1467 2934 salu·
1503 2863 1505 2869 '

226 2981 294 3042 tem
318 2975 451 3056 recepit.
1276 2985 1278 2990 ·

300 3619 306 3648 ¹
328 3621 412 3671 indsut
429 3619 493 3670 aiter
510 3619 577 3669 liorn
600 3613 682 3670 lbl²⁹t
702 3619 773 3669 siban
789 3617 841 3687 bau
860 3635 933 3669 como
951 3615 1049 3686 pingat
1075 3619 1136 3680 mgl.
1156 3619 1231 3668 Brov.

315 3826 362 3883 142
405 3815 567 3900 iratribus]
590 3833 621 3871 0²
645 3823 809 3882 Prosterns
832 3824 890 3883 ved
918 3821 1117 3894 Domlrlrben,
1155 3823 1210 3882 der
1241 3841 1295 3884 var
1328 3821 1465 3886 canonici

227 3929 391 3990 saculares
414 3923 548 4004 (Langen
571 3927 825 3988 Klosterhistorie
849 3928 879 3987 S.
905 3923 970 4001 22).

313 4023 368 4108 xv]
400 4031 484 4092 som.
517 4035 574 4091 rsa
603 4029 673 4106 (ιι),
706 4034 765 4109 tog.
788 4033 870 4110 sega
895 4033 962 4104 rra,
993 4031 1041 4092 sc.
1069 4031 1142 4110 neg.
1172 4033 1243 4106 sva,
1276 4010 1368 4094 issar.
1405 4035 1464 4095 oso

228 4116 405 4214 (Olelssaga
427 4157 451 4195 c.
473 4139 543 4209 273,
567 4137 600 4195 al
620 4137 733 4196 Snorre
755 4139 879 4205 beufort
900 4138 936 4198 til
958 4135 1034 4197 Olar
1055 4137 1161 4220 kyrres
1184 4136 1264 4212 Tid).

310 4238 380 4314 ΧΠ]
405 4241 470 4300 Ὀπι
504 4242 563 4300 den
598 4241 713 4300 danslre
741 4241 944 4312 Mand,'som
970 4234 1131 4302 Venderne
1160 4241 1300 4320 largedo,
1336 4260 1378 4311 or¹
1401 4242 1464 4304 kun

110 4407 116 4418 ,
226 4335 354 4404 obverse
385 4363 445 4424 paa
471 4343 637 4406 Olduorak:
682 4345 768 4406 Hom.
798 4347 938 4407 iss—ol
965 4341 1047 4422 (m),
1075 4333 1135 4424 leg.
1165 4345 1245 4424 Saga
1274 4351 1342 4419 113,
1372 4349 1464 4408 Hskr.

225 4450 372 4510 tar-ot
402 4431 579 4529 (btctssaga
612 4469 637 4510 c.
668 4452 738 4525 275,
769 4451 802 4510 af
834 4451 945 4512 Snorre
978 4453 1102 4521 henldrt
1134 4451 1170 4512 til
1204 4451 1317 4529 Sigurd
1348 4451 1466 4514 dorsal-

226 4548 309 4615 ia'r'ea
331 4543 413 4629 Tit).

310 4653 395 4734 XllI]
427 4656 486 4721 'Om
517 4661 576 4722 den
609 4655 794 4740 epileptiske
827 4661 946 4722 Krinde
979 4676 1013 4722 er
1043 4661 1106 4724 kun
1139 4663 1267 4724 bevaret
1299 4663 1360 4740 p'aa
1391 4658 1465 4728 oid.
