3622 5344
1391 338 1450 404 271

300 519 395 607 [Ant]
441 523 567 602 Quidam
595 527 747 591 Sacerdos
775 531 925 590 truncatis
947 529 1089 590 membris
1113 529 1257 590 exanimis
1279 531 1455 608 imploravit

214 652 304 712 opem
328 636 455 711 gloriosi
477 635 631 712 Martyris,
661 654 789 713 moxque
818 640 942 695 sanetus
971 637 1002 694 in
1024 635 1161 711 sompnis
1183 635 1329 714 apparuit
1351 639 1382 694 et
1404 655 1454 694 an·

212 739 279 800 bito
300 741 400 816 plena
423 740 549 799 sanitati
570 741 721 800 ressttuit.

298 835 393 922 [Ant]
442 845 612 923 Imperator
645 845 769 906 Graoue
802 862 970 921 appreseus
1003 845 1034 903 in
1070 845 1176 922 praelio
1207 849 1238 902 et
1267 846 1391 904 attritus
1414 844 1452 904 ab

163 949 178 996 ⁶
215 951 351 1010 exercitu
373 949 584 1023 barbarorum,
609 951 753 1028 deposcit
774 969 865 1027 opem
886 949 1030 1023 Martyria
1053 949 1194 1025 gloriosi:
1229 969 1298 1009 oum
1325 951 1453 1026 repente

213 1060 340 1114 sanetus
363 1052 544 1114 Christianis
580 1061 712 1134 apparet
743 1060 833 1132 atqve
867 1055 936 1114 illos
964 1054 1144 1132 praecedens
1174 1055 1303 1131 insignis
1327 1053 1456 1130 signifer

211 1157 355 1219 hostilem
378 1157 517 1236 profudit
539 1159 716 1218 exereitum.

298 1253 391 1339 [Ant]
436 1261 535 1322 Hodie
556 1263 713 1340 pretiosus
736 1292 775 1302 -·
799 1283 918 1323 omnem
941 1282 1072 1324 sensum.
1098 1286 1135 1310 =
1159 1283 1190 1340 p.
1215 1259 1388 1323 gagis-15,

286 2004 311 2070 1.
355 2003 669 2072 BRUDSTYKKER
690 2006 776 2071 ΕΒΑ
797 2005 1036 2072 lSLANDSKE
1059 2005 1373 2073 LEGENDARIER.

146 2219 178 2267 10
299 2196 462 2273 ,Legenda
483 2196 522 2256 de
540 2197 570 2257 S.
591 2194 695 2270 Olane,
721 2199 876 2274 exsoripta
898 2217 935 2256 ex
956 2198 1127 2274 fragmento
1149 2199 1184 2270 A,
1205 2199 1317 2259 collata
1340 2198 1452 2260 deinde

212 2321 279 2362 oum
297 2302 475 2378 fragmentis
498 2300 522 2360 B
547 2299 572 2360 ἁ
595 2299 628 2360 O.
684 2300 791 2360 Omnia
821 2301 887 2360 liaeo
920 2302 1092 2378 fragment-u
1119 2304 1151 2362 in
1172 2303 1311 2363 lelandia
1342 2309 1451 2364 neotus

214 2425 289 2466 sum.
339 2405 558 2484 Fragmentum
580 2405 605 2464 Α
628 2409 694 2464 erat
717 2424 788 2482 pars
810 2405 882 2465 libri
904 2407 935 2463 in
958 2405 1056 2465 lormt
1078 2407 1194 2480 oetard,
1219 2409 1379 2486 scripturas
1405 2429 1452 2470 sa·

212 2511 253 2570 tie
285 2514 414 2570 vetusta
448 2514 479 2568 et
510 2510 585 2568 satis
616 2509 765 2586 elegantis
793 2511 824 2567 in
854 2510 1039 2571 membrani.
1090 2511 1256 2589 Fragment
1278 2513 1303 2572 B
1326 2517 1393 2572 erat
1415 2532 1452 2573 ex

207 2615 288 2676 libro
309 2615 341 2673 iu
364 2617 417 2674 lto
440 2615 620 2673 recentioris
645 2615 743 2673 atatis
766 2616 795 2672 in
819 2615 1003 2687 membrent,
1036 2634 1144 2690 parum
1167 2617 1325 2694 eleganter
1343 2619 1453 2694 scripti

143 2739 174 2784 rr
209 2740 266 2781 uee
300 2722 374 2780 satie
408 2722 560 2781 accurate.
615 2717 731 2776 Fuerat
758 2717 809 2777 hio
839 2718 945 2792 ooder,
976 2738 1043 2778 oum
1070 2721 1191 2798 integer
1213 2726 1305 2796 esset,
1327 2723 1445 2800 Templi

207 2825 400 2902 Flateyensie
423 2824 455 2882 in
476 2821 613 2882 lelandin
635 2821 828 2882 occidentali.
878 2822 1096 2900 Fragmentum
1118 2823 1141 2884 G
1165 2831 1232 2884 erat
1254 2831 1445 2902 segmentum

206 2927 278 2990 libri
300 2931 331 2988 in
354 2932 407 2989 tto
430 2928 547 3004 majori,
570 2947 631 2986 non
653 2925 815 2986 admodum
839 2929 966 3005 antiqui,
991 2928 1046 2988 sed
1063 2929 1142 2988 bens
1163 2931 1279 2989 exarati
1301 2931 1333 2988 in
1353 2951 1444 2989 ruem·

205 3033 311 3094 brant.
355 3035 389 3092 In
424 3031 531 3091 eodem
563 3036 722 3108 segmento
757 3032 905 3091 nonnulla
938 3038 1026 3092 erant
1058 3033 1096 3093 de
1125 3033 1155 3094 S.
1182 3033 1342 3110 Fhorlaoo,
1377 3055 1444 3114 quae

206 3138 280 3198 alibi
300 3139 456 3214 exerripta
471 3135 571 3196 habeo
592 3131 644 3208 [=
664 3136 727 3196 Ser.
748 3156 805 3195 rer.
824 3136 901 3197 Dan.
919 3136 969 3211 IV,
993 3139 1065 3210 529,
1088 3137 1232 3216 Bpsdgur
1250 3139 1274 3215 1,
1294 3137 1443 3214 402-3].

138 3257 171 3305 uo
205 3243 280 3302 Tres
303 3243 356 3302 isti
377 3242 450 3301 libri
473 3261 600 3319 quorum
622 3241 794 3317 fragmenta
815 3247 1025 3314 reeensentur,
1048 3242 1226 3319 legendario
1243 3246 1368 3306 luerunt
1391 3265 1445 3305 seu

204 3344 343 3420 legendae
367 3346 405 3405 de
428 3345 547 3406 Sanctis
571 3346 687 3422 absque
711 3345 830 3405 officiis.
873 3345 1058 3422 Fragmenta
1080 3347 1106 3404 Δ
1129 3351 1153 3406 dr
1174 3347 1199 3406 B
1223 3349 1331 3408 eodem
1353 3349 1443 3409 modo

205 3447 404 3524 incipiebant,
436 3451 467 3507 in
500 3451 671 3526 fragmento
704 3468 777 3507 vero
807 3447 830 3508 O
858 3450 957 3527 prima
982 3449 1121 3526 leganda
1153 3442 1257 3527 [indtil
1284 3455 1389 3512 tionis
1412 3473 1443 3530 p.

206 3541 298 3628 273⁰]
323 3551 460 3611 deerant.
503 3553 537 3611 ln
559 3554 729 3630 fragmento
755 3555 874 3629 Apost
895 3553 986 3611 finem
1007 3553 1145 3631 legendus
1170 3555 1208 3615 de
1232 3555 1443 3617 S.01aroim·

205 3656 336 3717 mediate
359 3654 618 3733 sequebatur:1n
642 3656 681 3714 ad
692 3657 813 3716 vineula
824 3655 907 3715 Petri
929 3645 1012 3731 [late
1024 3646 1118 3734 Aug]
1141 3659 1233 3718 leotio
1258 3659 1273 3715 1
1300 3661 1443 3738 quemad·

137 3771 170 3822 tt
203 3761 327 3822 modum
349 3761 380 3821 S.
403 3759 511 3821 Petrus
535 3751 589 3819 dre.
633 3760 723 3818 Patet
753 3758 824 3818 hine
856 3759 1016 3834 legendam
1048 3763 1206 3839 pertinere
1240 3764 1280 3823 ad
1311 3765 1342 3825 S.
1374 3764 1443 3826 Olai

204 3865 284 3926 diem
307 3864 514 3937 emortualem,
537 3885 597 3924 nou
620 3883 693 3924 vero
715 3863 755 3922 ad
778 3863 858 3922 diem
880 3862 1101 3922 translationis·
1138 3895 1175 3910 -
1208 3867 1243 3925 In
1270 3867 1442 3946 fragmento

202 3971 227 4030 B
249 3971 410 4048 legendam
434 3969 463 4029 S.
488 3969 573 4030 Olari
602 3968 774 4028 immediate
804 3965 1025 4043 precedebant
1051 3967 1189 4044 legenda
1215 3971 1253 4030 de
1277 3971 1308 4032 S.
1329 3974 1443 4036 Iacobo

201 4075 353 4154 Apostolo
378 4070 471 4147 [rode
493 4069 580 4147 Julil,
604 4074 641 4133 de
667 4118 673 4132 .
698 4116 704 4132 .
728 4114 737 4132 .
760 4116 767 4130 .
792 4114 799 4129 .
823 4114 851 4144 .,
876 4071 914 4131 de
935 4070 1039 4132 Felioe
1062 4073 1209 4151 episeopo
1232 4075 1378 4152 Romano,
1403 4079 1442 4138 de

203 4179 370 4258 Simplicio,
404 4179 553 4240 Faustino
578 4170 607 4237 dr
632 4179 769 4238 Beatrioe
804 4169 900 4253 [tudo
929 4169 1017 4253 Juli],
1054 4185 1086 4238 et
1112 4184 1186 4257 post
1213 4181 1304 4239 istam
1339 4183 1376 4242 de
1411 4184 1441 4244 S.

134 4292 168 4339 ao
208 4281 331 4344 Olaeo.“
379 4279 474 4355 (Arno
497 4284 684 4361 Magnusson
704 4283 715 4340 i
738 4283 799 4341 670
814 4275 886 4358 qn).

285 4387 377 4448 Disse
404 4387 616 4463 Brudstyklrer
646 4407 680 4445 er
708 4386 809 4461 trylrte
836 4386 892 4446 hos
922 4387 1088 4464 Langebelr
1118 4382 1195 4462 (Ser.
1220 4409 1279 4448 rer.
1303 4389 1380 4449 Dan.
1402 4391 1441 4465 Il,

204 4487 364 4568 530-32)
397 4490 573 4568 rasentligt
607 4492 687 4551 efter
722 4492 749 4550 A
782 4491 851 4550 med
886 4491 1069 4552 Udeladelse
1103 4493 1136 4550 ef
1163 4493 1201 4552 de
1237 4493 1325 4554 flesto
1358 4497 1442 4555 Vari·

202 4598 303 4655 anter.
1417 4603 1420 4610 '
