<?xml version="1.0" encoding="UTF-8"?>
<!DOCTYPE html PUBLIC "-//W3C//DTD XHTML 1.0 Transitional//EN"
    "http://www.w3.org/TR/xhtml1/DTD/xhtml1-transitional.dtd">
<html xmlns="http://www.w3.org/1999/xhtml" xml:lang="en" lang="en">
 <head>
  <title>
</title>
<meta http-equiv="Content-Type" content="text/html;charset=utf-8" />
  <meta name='ocr-system' content='tesseract 3.04.00' />
  <meta name='ocr-capabilities' content='ocr_page ocr_carea ocr_par ocr_line ocrx_word'/>
</head>
<body>
  <div class='ocr_page' id='page_1' title='image "./monumentahistor01storgoog/monumentahistor01storgoog_0313.png"; bbox 0 0 3640 5342; ppageno 0'>
   <div class='ocr_carea' id='block_1_1' title="bbox 186 543 1427 718">
    <p class='ocr_par' dir='ltr' id='par_1_1' title="bbox 186 543 1427 718">
     <span class='ocr_line' id='line_1_1' title="bbox 189 543 1427 628; baseline -0.011 -15"><span class='ocrx_word' id='word_1_1' title='bbox 189 557 221 614; x_wconf 80' lang='lat' dir='ltr'>ab</span> <span class='ocrx_word' id='word_1_2' title='bbox 243 553 283 613; x_wconf 86' lang='lat' dir='ltr'>ad</span> <span class='ocrx_word' id='word_1_3' title='bbox 306 551 438 612; x_wconf 82' lang='lat' dir='ltr'>honesta</span> <span class='ocrx_word' id='word_1_4' title='bbox 461 567 582 628; x_wconf 87' lang='lat' dir='ltr'>quaque</span> <span class='ocrx_word' id='word_1_5' title='bbox 605 548 763 623; x_wconf 82' lang='lat' dir='ltr'>sequenda</span> <span class='ocrx_word' id='word_1_6' title='bbox 779 546 910 623; x_wconf 85' lang='lat' dir='ltr'>qnadam</span> <span class='ocrx_word' id='word_1_7' title='bbox 928 547 1039 604; x_wconf 85' lang='lat' dir='ltr'>mentis</span> <span class='ocrx_word' id='word_1_8' title='bbox 1051 546 1239 621; x_wconf 80' lang='lat' dir='ltr'>ingenuitate</span> <span class='ocrx_word' id='word_1_9' title='bbox 1263 543 1427 619; x_wconf 86' lang='lat' dir='ltr'>promptis·</span> 
     </span>
     <span class='ocr_line' id='line_1_2' title="bbox 186 677 290 718; baseline -0.048 0"><span class='ocrx_word' id='word_1_10' title='bbox 186 677 290 718; x_wconf 83' lang='lat' dir='ltr'>armna.</span> 
     </span>
    </p>
   </div>
   <div class='ocr_carea' id='block_1_2' title="bbox 264 751 736 838">
    <p class='ocr_par' dir='ltr' id='par_1_2' title="bbox 264 751 736 838">
     <span class='ocr_line' id='line_1_3' title="bbox 264 751 736 838; baseline -0.017 -15"><span class='ocrx_word' id='word_1_11' title='bbox 264 755 419 838; x_wconf 65' lang='lat' dir='ltr'>mabsar.</span> <span class='ocrx_word' id='word_1_12' title='bbox 464 753 571 831; x_wconf 78' lang='lat' dir='ltr'>Quare</span> <span class='ocrx_word' id='word_1_13' title='bbox 592 751 736 818; x_wconf 84' lang='lat' dir='ltr'>fratrem.</span> 
     </span>
    </p>
   </div>
   <div class='ocr_carea' id='block_1_3' title="bbox 136 855 1428 1152">
    <p class='ocr_par' dir='ltr' id='par_1_3' title="bbox 136 855 1428 1152">
     <span class='ocr_line' id='line_1_4' title="bbox 270 855 1428 941; baseline -0.009 -17"><span class='ocrx_word' id='word_1_14' title='bbox 270 865 428 941; x_wconf 72' lang='lat' dir='ltr'>acceptoria.</span> <span class='ocrx_word' id='word_1_15' title='bbox 472 862 529 922; x_wconf 86' lang='lat' dir='ltr'>llio</span> <span class='ocrx_word' id='word_1_16' title='bbox 552 859 729 936; x_wconf 82' lang='lat' dir='ltr'>euangelica</span> <span class='ocrx_word' id='word_1_17' title='bbox 752 861 891 919; x_wconf 84' lang='lat' dir='ltr'>veritatis</span> <span class='ocrx_word' id='word_1_18' title='bbox 915 858 1093 918; x_wconf 82' lang='lat' dir='ltr'>sinceritate</span> <span class='ocrx_word' id='word_1_19' title='bbox 1105 857 1276 932; x_wconf 82' lang='lat' dir='ltr'>comperta:</span> <span class='ocrx_word' id='word_1_20' title='bbox 1296 855 1337 914; x_wconf 88' lang='lat' dir='ltr'>ad</span> <span class='ocrx_word' id='word_1_21' title='bbox 1354 855 1428 930; x_wconf 84' lang='lat' dir='ltr'>bap·</span> 
     </span>
     <span class='ocr_line' id='line_1_5' title="bbox 136 965 950 1046; baseline -0.014 -14"><span class='ocrx_word' id='word_1_22' title='bbox 136 971 152 1018; x_wconf 81' lang='lat'>⁵</span> <span class='ocrx_word' id='word_1_23' title='bbox 189 972 273 1032; x_wconf 81' lang='lat' dir='ltr'>tismi</span> <span class='ocrx_word' id='word_1_24' title='bbox 295 972 423 1046; x_wconf 83' lang='lat' dir='ltr'>gratiam</span> <span class='ocrx_word' id='word_1_25' title='bbox 446 967 560 1027; x_wconf 85' lang='lat' dir='ltr'>denota</span> <span class='ocrx_word' id='word_1_26' title='bbox 581 966 739 1025; x_wconf 85' lang='lat' dir='ltr'>alacritate</span> <span class='ocrx_word' id='word_1_27' title='bbox 763 965 950 1026; x_wconf 85' lang='lat' dir='ltr'>conuolauit.</span> 
     </span>
     <span class='ocr_line' id='line_1_6' title="bbox 271 1061 721 1152; baseline -0.011 -19"><span class='ocrx_word' id='word_1_28' title='bbox 271 1066 428 1152; x_wconf 75' lang='lat' dir='ltr'>psalmata.</span> <span class='ocrx_word' id='word_1_29' title='bbox 471 1063 609 1130; x_wconf 81' lang='lat' dir='ltr'><strong>Domine</strong></span> <span class='ocrx_word' id='word_1_30' title='bbox 632 1061 721 1145; x_wconf 90' lang='lat' dir='ltr'>quid.</span> 
     </span>
    </p>
   </div>
   <div class='ocr_carea' id='block_1_4' title="bbox 271 1178 1430 1360">
    <p class='ocr_par' dir='ltr' id='par_1_4' title="bbox 271 1178 1430 1360">
     <span class='ocr_line' id='line_1_7' title="bbox 271 1178 692 1239; baseline -0.014 0"><span class='ocrx_word' id='word_1_31' title='bbox 271 1198 340 1239; x_wconf 65' lang='lat' dir='ltr'>vae.</span> <span class='ocrx_word' id='word_1_32' title='bbox 385 1179 489 1239; x_wconf 78' lang='lat' dir='ltr'>Gloria</span> <span class='ocrx_word' id='word_1_33' title='bbox 512 1181 543 1236; x_wconf 88' lang='lat' dir='ltr'>et</span> <span class='ocrx_word' id='word_1_34' title='bbox 564 1178 692 1236; x_wconf 89' lang='lat' dir='ltr'>honore.</span> 
     </span>
     <span class='ocr_line' id='line_1_8' title="bbox 272 1266 1430 1360; baseline -0.009 -20"><span class='ocrx_word' id='word_1_35' title='bbox 272 1276 381 1342; x_wconf 80' lang='lat' dir='ltr'><strong><em>Lectio</em></strong></span> <span class='ocrx_word' id='word_1_36' title='bbox 395 1276 423 1358; x_wconf 77' lang='lat' dir='ltr'>j.</span> <span class='ocrx_word' id='word_1_37' title='bbox 468 1273 637 1341; x_wconf 84' lang='lat' dir='ltr'><strong>Gloriosus</strong></span> <span class='ocrx_word' id='word_1_38' title='bbox 659 1290 716 1339; x_wconf 85' lang='lat' dir='ltr'>rex</span> <span class='ocrx_word' id='word_1_39' title='bbox 736 1271 850 1337; x_wconf 84' lang='lat' dir='ltr'>olenus</span> <span class='ocrx_word' id='word_1_40' title='bbox 870 1268 1057 1360; x_wconf 78' lang='lat' dir='ltr'>euangelica</span> <span class='ocrx_word' id='word_1_41' title='bbox 1075 1268 1223 1334; x_wconf 81' lang='lat' dir='ltr'>veritatis</span> <span class='ocrx_word' id='word_1_42' title='bbox 1242 1266 1430 1332; x_wconf 79' lang='lat' dir='ltr'>sinceritate</span> 
     </span>
    </p>
   </div>
   <div class='ocr_carea' id='block_1_5' title="bbox 91 1369 1446 2108">
    <p class='ocr_par' dir='ltr' id='par_1_5' title="bbox 91 1369 1446 2108">
     <span class='ocr_line' id='line_1_9' title="bbox 91 1369 1430 1463; baseline -0.01 -15"><span class='ocrx_word' id='word_1_43' title='bbox 91 1435 97 1447; x_wconf 94' lang='lat'>.</span> <span class='ocrx_word' id='word_1_44' title='bbox 190 1383 222 1447; x_wconf 89' lang='lat' dir='ltr'>in</span> <span class='ocrx_word' id='word_1_45' title='bbox 245 1381 352 1463; x_wconf 76' lang='lat' dir='ltr'>anglia</span> <span class='ocrx_word' id='word_1_46' title='bbox 379 1384 564 1462; x_wconf 87' lang='lat' dir='ltr'>comperta:</span> <span class='ocrx_word' id='word_1_47' title='bbox 594 1377 692 1443; x_wconf 87' lang='lat' dir='ltr'>fidem</span> <span class='ocrx_word' id='word_1_48' title='bbox 721 1377 854 1442; x_wconf 77' lang='lat' dir='ltr'>admisit</span> <span class='ocrx_word' id='word_1_49' title='bbox 881 1379 952 1440; x_wconf 91' lang='lat' dir='ltr'>toto</span> <span class='ocrx_word' id='word_1_50' title='bbox 975 1379 1123 1456; x_wconf 75' lang='lat' dir='ltr'>pectore:</span> <span class='ocrx_word' id='word_1_51' title='bbox 1156 1377 1191 1436; x_wconf 88' lang='lat' dir='ltr'>et</span> <span class='ocrx_word' id='word_1_52' title='bbox 1210 1371 1251 1438; x_wconf 88' lang='lat' dir='ltr'>ad</span> <span class='ocrx_word' id='word_1_53' title='bbox 1275 1369 1430 1452; x_wconf 78' lang='lat' dir='ltr'>baptismi</span> 
     </span>
     <span class='ocr_line' id='line_1_10' title="bbox 124 1474 1429 1569; baseline -0.009 -17"><span class='ocrx_word' id='word_1_54' title='bbox 124 1495 156 1540; x_wconf 89' lang='lat'>1⁰</span> <span class='ocrx_word' id='word_1_55' title='bbox 189 1487 327 1569; x_wconf 78' lang='lat' dir='ltr'>gratiam</span> <span class='ocrx_word' id='word_1_56' title='bbox 361 1486 394 1550; x_wconf 91' lang='lat' dir='ltr'>in</span> <span class='ocrx_word' id='word_1_57' title='bbox 427 1485 505 1550; x_wconf 88' lang='lat' dir='ltr'>vrbe</span> <span class='ocrx_word' id='word_1_58' title='bbox 534 1484 726 1562; x_wconf 81' lang='lat' dir='ltr'>rothomago</span> <span class='ocrx_word' id='word_1_59' title='bbox 760 1482 879 1548; x_wconf 87' lang='lat' dir='ltr'>deuota</span> <span class='ocrx_word' id='word_1_60' title='bbox 906 1480 1005 1546; x_wconf 89' lang='lat' dir='ltr'>animi</span> <span class='ocrx_word' id='word_1_61' title='bbox 1033 1479 1202 1544; x_wconf 86' lang='lat' dir='ltr'>alacritate</span> <span class='ocrx_word' id='word_1_62' title='bbox 1230 1474 1429 1542; x_wconf 81' lang='lat' dir='ltr'>conuolauit.</span> 
     </span>
     <span class='ocr_line' id='line_1_11' title="bbox 190 1579 1446 1672; baseline -0.011 -14"><span class='ocrx_word' id='word_1_63' title='bbox 190 1591 383 1658; x_wconf 89' lang='lat' dir='ltr'>Purifieatus</span> <span class='ocrx_word' id='word_1_64' title='bbox 405 1591 504 1672; x_wconf 79' lang='lat' dir='ltr'>igitur</span> <span class='ocrx_word' id='word_1_65' title='bbox 525 1589 679 1655; x_wconf 86' lang='lat' dir='ltr'>lauechro</span> <span class='ocrx_word' id='word_1_66' title='bbox 702 1587 852 1653; x_wconf 89' lang='lat' dir='ltr'>salutari:</span> <span class='ocrx_word' id='word_1_67' title='bbox 880 1589 1016 1668; x_wconf 87' lang='lat' dir='ltr'>repente</span> <span class='ocrx_word' id='word_1_68' title='bbox 1038 1587 1183 1648; x_wconf 80' lang='lat' dir='ltr'>mutatus</span> <span class='ocrx_word' id='word_1_69' title='bbox 1205 1581 1310 1646; x_wconf 89' lang='lat' dir='ltr'>estin</span> <span class='ocrx_word' id='word_1_70' title='bbox 1332 1579 1446 1646; x_wconf 42' lang='lat' dir='ltr'>alium*</span> 
     </span>
     <span class='ocr_line' id='line_1_12' title="bbox 191 1686 1431 1767; baseline -0.011 -5"><span class='ocrx_word' id='word_1_71' title='bbox 191 1697 294 1762; x_wconf 84' lang='lat' dir='ltr'>virum</span> <span class='ocrx_word' id='word_1_72' title='bbox 317 1695 349 1760; x_wconf 88' lang='lat' dir='ltr'>in</span> <span class='ocrx_word' id='word_1_73' title='bbox 372 1695 536 1760; x_wconf 86' lang='lat' dir='ltr'>anteriora</span> <span class='ocrx_word' id='word_1_74' title='bbox 558 1713 594 1760; x_wconf 86' lang='lat' dir='ltr'>ee</span> <span class='ocrx_word' id='word_1_75' title='bbox 614 1693 809 1760; x_wconf 84' lang='lat' dir='ltr'>extendens:</span> <span class='ocrx_word' id='word_1_76' title='bbox 836 1697 871 1758; x_wconf 89' lang='lat' dir='ltr'>et</span> <span class='ocrx_word' id='word_1_77' title='bbox 891 1708 976 1756; x_wconf 91' lang='lat' dir='ltr'>nouo</span> <span class='ocrx_word' id='word_1_78' title='bbox 998 1705 1107 1754; x_wconf 89' lang='lat' dir='ltr'>rerum</span> <span class='ocrx_word' id='word_1_79' title='bbox 1131 1686 1245 1752; x_wconf 78' lang='lat' dir='ltr'>ordine</span> <span class='ocrx_word' id='word_1_80' title='bbox 1274 1704 1331 1750; x_wconf 85' lang='lat' dir='ltr'>rex</span> <span class='ocrx_word' id='word_1_81' title='bbox 1352 1701 1431 1767; x_wconf 91' lang='lat' dir='ltr'>apo·</span> 
     </span>
     <span class='ocr_line' id='line_1_13' title="bbox 192 1788 1432 1881; baseline -0.012 -13"><span class='ocrx_word' id='word_1_82' title='bbox 192 1801 268 1868; x_wconf 88' lang='lat' dir='ltr'>stoli</span> <span class='ocrx_word' id='word_1_83' title='bbox 291 1799 393 1866; x_wconf 84' lang='lat' dir='ltr'>vicem</span> <span class='ocrx_word' id='word_1_84' title='bbox 416 1816 551 1881; x_wconf 78' lang='lat' dir='ltr'>gerens:</span> <span class='ocrx_word' id='word_1_85' title='bbox 581 1791 654 1880; x_wconf 86' lang='lat' dir='ltr'>ipse</span> <span class='ocrx_word' id='word_1_86' title='bbox 684 1799 747 1865; x_wconf 80' lang='lat' dir='ltr'>dux</span> <span class='ocrx_word' id='word_1_87' title='bbox 772 1797 863 1864; x_wconf 80' lang='lat' dir='ltr'>verbi</span> <span class='ocrx_word' id='word_1_88' title='bbox 886 1795 1001 1863; x_wconf 89' lang='lat' dir='ltr'>obristi</span> <span class='ocrx_word' id='word_1_89' title='bbox 1023 1793 1161 1876; x_wconf 80' lang='lat' dir='ltr'>gratiam</span> <span class='ocrx_word' id='word_1_90' title='bbox 1183 1792 1306 1874; x_wconf 89' lang='lat' dir='ltr'>passim</span> <span class='ocrx_word' id='word_1_91' title='bbox 1330 1788 1432 1856; x_wconf 92' lang='lat' dir='ltr'>omni·</span> 
     </span>
     <span class='ocr_line' id='line_1_14' title="bbox 191 1893 1431 1988; baseline -0.013 -14"><span class='ocrx_word' id='word_1_92' title='bbox 191 1907 253 1974; x_wconf 90' lang='lat' dir='ltr'>bus</span> <span class='ocrx_word' id='word_1_93' title='bbox 277 1904 475 1988; x_wconf 86' lang='lat' dir='ltr'>predicabat.</span> <span class='ocrx_word' id='word_1_94' title='bbox 521 1903 700 1968; x_wconf 83' lang='lat' dir='ltr'>Plurimum</span> <span class='ocrx_word' id='word_1_95' title='bbox 730 1902 870 1986; x_wconf 88' lang='lat' dir='ltr'>proiecit</span> <span class='ocrx_word' id='word_1_96' title='bbox 901 1903 934 1968; x_wconf 93' lang='lat' dir='ltr'>in</span> <span class='ocrx_word' id='word_1_97' title='bbox 962 1899 1070 1966; x_wconf 91' lang='lat' dir='ltr'>breui:</span> <span class='ocrx_word' id='word_1_98' title='bbox 1100 1903 1135 1964; x_wconf 88' lang='lat' dir='ltr'>et</span> <span class='ocrx_word' id='word_1_99' title='bbox 1163 1893 1431 1962; x_wconf 86' lang='lat' dir='ltr'>innumerabilem</span> 
     </span>
     <span class='ocr_line' id='line_1_15' title="bbox 126 2005 794 2108; baseline -0.007 -29"><span class='ocrx_word' id='word_1_100' title='bbox 126 2013 158 2060; x_wconf 78' lang='lat'>¹⁵</span> <span class='ocrx_word' id='word_1_101' title='bbox 193 2005 325 2108; x_wconf 80' lang='lat' dir='ltr'>domino</span> <span class='ocrx_word' id='word_1_102' title='bbox 347 2009 587 2075; x_wconf 86' lang='lat' dir='ltr'>multitudinem</span> <span class='ocrx_word' id='word_1_103' title='bbox 609 2010 794 2092; x_wconf 90' lang='lat' dir='ltr'>acquisiuit.</span> 
     </span>
    </p>
   </div>
   <div class='ocr_carea' id='block_1_6' title="bbox 154 2137 1433 2426">
    <p class='ocr_par' dir='ltr' id='par_1_6' title="bbox 154 2137 1433 2426">
     <span class='ocr_line' id='line_1_16' title="bbox 154 2137 1431 2228; baseline -0.009 -27"><span class='ocrx_word' id='word_1_104' title='bbox 154 2163 161 2176; x_wconf 91' lang='lat'><em>·</em></span> <span class='ocrx_word' id='word_1_105' title='bbox 276 2139 359 2217; x_wconf 82' lang='lat' dir='ltr'>Reep.</span> <span class='ocrx_word' id='word_1_106' title='bbox 409 2141 443 2200; x_wconf 91' lang='lat' dir='ltr'>In</span> <span class='ocrx_word' id='word_1_107' title='bbox 476 2141 573 2216; x_wconf 85' lang='lat' dir='ltr'>regali</span> <span class='ocrx_word' id='word_1_108' title='bbox 604 2141 729 2218; x_wconf 81' lang='lat' dir='ltr'>fastigio</span> <span class='ocrx_word' id='word_1_109' title='bbox 761 2141 946 2200; x_wconf 83' lang='lat' dir='ltr'>constitutus</span> <span class='ocrx_word' id='word_1_110' title='bbox 980 2139 1104 2228; x_wconf 38' lang='lat' dir='ltr'>spiritu·</span> <span class='ocrx_word' id='word_1_111' title='bbox 1124 2153 1244 2214; x_wconf 87' lang='lat' dir='ltr'>pauper</span> <span class='ocrx_word' id='word_1_112' title='bbox 1278 2137 1345 2192; x_wconf 86' lang='lat' dir='ltr'>erat</span> <span class='ocrx_word' id='word_1_113' title='bbox 1377 2151 1431 2190; x_wconf 80' lang='lat' dir='ltr'>ror</span> 
     </span>
     <span class='ocr_line' id='line_1_17' title="bbox 194 2237 1433 2323; baseline -0.01 -16"><span class='ocrx_word' id='word_1_114' title='bbox 194 2247 312 2308; x_wconf 84' lang='lat' dir='ltr'>olenus.</span> <span class='ocrx_word' id='word_1_115' title='bbox 363 2247 406 2305; x_wconf 82' lang='lat' dir='ltr'>Ac</span> <span class='ocrx_word' id='word_1_116' title='bbox 434 2245 509 2304; x_wconf 84' lang='lat' dir='ltr'>licet</span> <span class='ocrx_word' id='word_1_117' title='bbox 535 2247 622 2323; x_wconf 81' lang='lat' dir='ltr'>regni</span> <span class='ocrx_word' id='word_1_118' title='bbox 654 2249 792 2323; x_wconf 76' lang='lat' dir='ltr'>negooije</span> <span class='ocrx_word' id='word_1_119' title='bbox 821 2245 1014 2322; x_wconf 86' lang='lat' dir='ltr'>implicatus:</span> <span class='ocrx_word' id='word_1_120' title='bbox 1046 2244 1157 2302; x_wconf 86' lang='lat' dir='ltr'>mentis</span> <span class='ocrx_word' id='word_1_121' title='bbox 1188 2240 1302 2300; x_wconf 84' lang='lat' dir='ltr'>deuote</span> <span class='ocrx_word' id='word_1_122' title='bbox 1333 2237 1433 2298; x_wconf 80' lang='lat' dir='ltr'>libera</span> 
     </span>
     <span class='ocr_line' id='line_1_18' title="bbox 194 2351 839 2426; baseline -0.006 -14"><span class='ocrx_word' id='word_1_123' title='bbox 194 2351 452 2426; x_wconf 86' lang='lat' dir='ltr'>contemplatione</span> <span class='ocrx_word' id='word_1_124' title='bbox 475 2351 681 2411; x_wconf 85' lang='lat' dir='ltr'>meditabatur</span> <span class='ocrx_word' id='word_1_125' title='bbox 703 2352 839 2412; x_wconf 88' lang='lat' dir='ltr'>celestia.</span> 
     </span>
    </p>
   </div>
   <div class='ocr_carea' id='block_1_7' title="bbox 129 2439 1437 2656">
    <p class='ocr_par' dir='ltr' id='par_1_7' title="bbox 129 2439 1437 2656">
     <span class='ocr_line' id='line_1_19' title="bbox 278 2439 1437 2561; baseline -0.003 -29"><span class='ocrx_word' id='word_1_126' title='bbox 278 2493 345 2534; x_wconf 69' lang='lat' dir='ltr'>aaa.</span> <span class='ocrx_word' id='word_1_127' title='bbox 390 2439 544 2552; x_wconf 71' lang='lat' dir='ltr'>sordebat</span> <span class='ocrx_word' id='word_1_128' title='bbox 572 2475 600 2532; x_wconf 91' lang='lat' dir='ltr'>ei</span> <span class='ocrx_word' id='word_1_129' title='bbox 629 2475 726 2533; x_wconf 90' lang='lat' dir='ltr'>omnis</span> <span class='ocrx_word' id='word_1_130' title='bbox 754 2493 831 2534; x_wconf 85' lang='lat' dir='ltr'>vana</span> <span class='ocrx_word' id='word_1_131' title='bbox 865 2493 937 2552; x_wconf 86' lang='lat' dir='ltr'>spes</span> <span class='ocrx_word' id='word_1_132' title='bbox 965 2475 996 2532; x_wconf 88' lang='lat' dir='ltr'>et</span> <span class='ocrx_word' id='word_1_133' title='bbox 1022 2475 1138 2534; x_wconf 85' lang='lat' dir='ltr'>terreni</span> <span class='ocrx_word' id='word_1_134' title='bbox 1166 2473 1256 2550; x_wconf 79' lang='lat' dir='ltr'>regni</span> <span class='ocrx_word' id='word_1_135' title='bbox 1279 2471 1378 2561; x_wconf 71' lang='lat' dir='ltr'>gloria</span> <span class='ocrx_word' id='word_1_136' title='bbox 1401 2490 1437 2529; x_wconf 87' lang='lat' dir='ltr'>ao</span> 
     </span>
     <span class='ocr_line' id='line_1_20' title="bbox 129 2567 763 2656; baseline -0.005 -16"><span class='ocrx_word' id='word_1_137' title='bbox 129 2583 163 2629; x_wconf 71' lang='lat'>20</span> <span class='ocrx_word' id='word_1_138' title='bbox 197 2581 339 2656; x_wconf 82' lang='lat' dir='ltr'>volupiae</span> <span class='ocrx_word' id='word_1_139' title='bbox 362 2577 541 2638; x_wconf 77' lang='lat' dir='ltr'>vilescebat.</span> <span class='ocrx_word' id='word_1_140' title='bbox 614 2567 658 2638; x_wconf 75' lang='lat' dir='ltr'>Ac</span> <span class='ocrx_word' id='word_1_141' title='bbox 679 2579 763 2638; x_wconf 89' lang='lat' dir='ltr'>lieet.</span> 
     </span>
    </p>
   </div>
   <div class='ocr_carea' id='block_1_8' title="bbox 130 2691 1442 3512">
    <p class='ocr_par' dir='ltr' id='par_1_8' title="bbox 281 2691 1439 2780">
     <span class='ocr_line' id='line_1_21' title="bbox 281 2691 1439 2780; baseline 0.002 -22"><span class='ocrx_word' id='word_1_142' title='bbox 281 2693 372 2759; x_wconf 84' lang='lat' dir='ltr'>lectio</span> <span class='ocrx_word' id='word_1_143' title='bbox 396 2693 429 2776; x_wconf 73' lang='lat' dir='ltr'>c&#39;p&#39;.</span> <span class='ocrx_word' id='word_1_144' title='bbox 477 2691 691 2760; x_wconf 85' lang='lat' dir='ltr'>Confluebant</span> <span class='ocrx_word' id='word_1_145' title='bbox 717 2695 757 2758; x_wconf 90' lang='lat' dir='ltr'>ad</span> <span class='ocrx_word' id='word_1_146' title='bbox 786 2693 949 2778; x_wconf 88' lang='lat' dir='ltr'>baptisma</span> <span class='ocrx_word' id='word_1_147' title='bbox 977 2696 1126 2762; x_wconf 88' lang='lat' dir='ltr'>certatim</span> <span class='ocrx_word' id='word_1_148' title='bbox 1155 2693 1283 2780; x_wconf 89' lang='lat' dir='ltr'>populi:</span> <span class='ocrx_word' id='word_1_149' title='bbox 1319 2697 1353 2760; x_wconf 88' lang='lat' dir='ltr'>et</span> <span class='ocrx_word' id='word_1_150' title='bbox 1382 2713 1439 2760; x_wconf 93' lang='lat' dir='ltr'>nu-</span> 
     </span>
    </p>

    <p class='ocr_par' dir='ltr' id='par_1_9' title="bbox 198 2797 1439 2882">
     <span class='ocr_line' id='line_1_22' title="bbox 198 2797 1439 2882; baseline -0.002 -16"><span class='ocrx_word' id='word_1_151' title='bbox 198 2819 306 2866; x_wconf 89' lang='lat' dir='ltr'>merus</span> <span class='ocrx_word' id='word_1_152' title='bbox 324 2798 525 2866; x_wconf 90' lang='lat' dir='ltr'>credentium</span> <span class='ocrx_word' id='word_1_153' title='bbox 544 2799 727 2882; x_wconf 82' lang='lat' dir='ltr'>augebatur</span> <span class='ocrx_word' id='word_1_154' title='bbox 749 2797 868 2866; x_wconf 89' lang='lat' dir='ltr'>indies:</span> <span class='ocrx_word' id='word_1_155' title='bbox 892 2797 1146 2882; x_wconf 81' lang='lat' dir='ltr'>effringebantur</span> <span class='ocrx_word' id='word_1_156' title='bbox 1167 2805 1291 2866; x_wconf 88' lang='lat' dir='ltr'>statue:</span> <span class='ocrx_word' id='word_1_157' title='bbox 1315 2799 1439 2864; x_wconf 90' lang='lat' dir='ltr'>succin-</span> 
     </span>
    </p>

    <p class='ocr_par' dir='ltr' id='par_1_10' title="bbox 198 2902 1439 2972">
     <span class='ocr_line' id='line_1_23' title="bbox 198 2902 1439 2972; baseline -0.003 0"><span class='ocrx_word' id='word_1_158' title='bbox 198 2905 358 2972; x_wconf 87' lang='lat' dir='ltr'>debantur</span> <span class='ocrx_word' id='word_1_159' title='bbox 379 2903 459 2969; x_wconf 89' lang='lat' dir='ltr'>luci:</span> <span class='ocrx_word' id='word_1_160' title='bbox 489 2903 723 2970; x_wconf 87' lang='lat' dir='ltr'>euertebantur</span> <span class='ocrx_word' id='word_1_161' title='bbox 746 2903 881 2971; x_wconf 90' lang='lat' dir='ltr'>delubra</span> <span class='ocrx_word' id='word_1_162' title='bbox 904 2905 1138 2972; x_wconf 85' lang='lat' dir='ltr'>ordinabantur</span> <span class='ocrx_word' id='word_1_163' title='bbox 1160 2905 1367 2970; x_wconf 88' lang='lat' dir='ltr'>sacerdotes:</span> <span class='ocrx_word' id='word_1_164' title='bbox 1391 2902 1439 2969; x_wconf 86' lang='lat' dir='ltr'>ia·</span> 
     </span>
    </p>

    <p class='ocr_par' dir='ltr' id='par_1_11' title="bbox 197 3007 1442 3094">
     <span class='ocr_line' id='line_1_24' title="bbox 197 3007 1442 3094; baseline -0.004 -17"><span class='ocrx_word' id='word_1_165' title='bbox 197 3008 408 3078; x_wconf 89' lang='lat' dir='ltr'>bricabantur</span> <span class='ocrx_word' id='word_1_166' title='bbox 430 3007 584 3074; x_wconf 89' lang='lat' dir='ltr'>ecclesie:</span> <span class='ocrx_word' id='word_1_167' title='bbox 616 3007 796 3075; x_wconf 81' lang='lat' dir='ltr'>offerebant</span> <span class='ocrx_word' id='word_1_168' title='bbox 824 3010 959 3076; x_wconf 88' lang='lat' dir='ltr'>donaria</span> <span class='ocrx_word' id='word_1_169' title='bbox 981 3011 1092 3094; x_wconf 91' lang='lat' dir='ltr'>populi</span> <span class='ocrx_word' id='word_1_170' title='bbox 1115 3030 1186 3077; x_wconf 93' lang='lat' dir='ltr'>cum</span> <span class='ocrx_word' id='word_1_171' title='bbox 1210 3008 1385 3078; x_wconf 89' lang='lat' dir='ltr'>deuotione</span> <span class='ocrx_word' id='word_1_172' title='bbox 1408 3011 1442 3073; x_wconf 88' lang='lat' dir='ltr'>et</span> 
     </span>
    </p>

    <p class='ocr_par' dir='ltr' id='par_1_12' title="bbox 130 3099 1440 3198">
     <span class='ocr_line' id='line_1_25' title="bbox 130 3099 1440 3198; baseline -0.006 -12"><span class='ocrx_word' id='word_1_173' title='bbox 130 3139 162 3186; x_wconf 85' lang='lat' dir='ltr'>as</span> <span class='ocrx_word' id='word_1_174' title='bbox 199 3115 387 3182; x_wconf 85' lang='lat' dir='ltr'>alacritate:</span> <span class='ocrx_word' id='word_1_175' title='bbox 427 3112 665 3182; x_wconf 87' lang='lat' dir='ltr'>erubescebant</span> <span class='ocrx_word' id='word_1_176' title='bbox 698 3115 859 3198; x_wconf 86' lang='lat' dir='ltr'>idolorum</span> <span class='ocrx_word' id='word_1_177' title='bbox 894 3099 1035 3183; x_wconf 87' lang='lat' dir='ltr'>cultores</span> <span class='ocrx_word' id='word_1_178' title='bbox 1069 3115 1351 3183; x_wconf 81' lang='lat' dir='ltr'>confundebantur</span> <span class='ocrx_word' id='word_1_179' title='bbox 1384 3113 1440 3196; x_wconf 88' lang='lat' dir='ltr'>qui</span> 
     </span>
    </p>

    <p class='ocr_par' dir='ltr' id='par_1_13' title="bbox 197 3217 1439 3304">
     <span class='ocr_line' id='line_1_26' title="bbox 197 3217 1439 3304; baseline -0.006 -16"><span class='ocrx_word' id='word_1_180' title='bbox 197 3217 312 3288; x_wconf 88' lang='lat' dir='ltr'>confisi</span> <span class='ocrx_word' id='word_1_181' title='bbox 334 3223 428 3286; x_wconf 87' lang='lat' dir='ltr'>erunt</span> <span class='ocrx_word' id='word_1_182' title='bbox 449 3219 481 3284; x_wconf 91' lang='lat' dir='ltr'>iu</span> <span class='ocrx_word' id='word_1_183' title='bbox 505 3217 665 3302; x_wconf 87' lang='lat' dir='ltr'>sculptili:</span> <span class='ocrx_word' id='word_1_184' title='bbox 690 3225 723 3286; x_wconf 93' lang='lat' dir='ltr'>et</span> <span class='ocrx_word' id='word_1_185' title='bbox 742 3221 775 3284; x_wconf 91' lang='lat' dir='ltr'>in</span> <span class='ocrx_word' id='word_1_186' title='bbox 798 3220 907 3286; x_wconf 89' lang='lat' dir='ltr'>multis</span> <span class='ocrx_word' id='word_1_187' title='bbox 929 3221 1072 3304; x_wconf 80' lang='lat' dir='ltr'>regionis</span> <span class='ocrx_word' id='word_1_188' title='bbox 1094 3221 1182 3286; x_wconf 88' lang='lat' dir='ltr'>illius</span> <span class='ocrx_word' id='word_1_189' title='bbox 1198 3220 1347 3301; x_wconf 86' lang='lat' dir='ltr'>partibus</span> <span class='ocrx_word' id='word_1_190' title='bbox 1370 3217 1439 3282; x_wconf 89' lang='lat' dir='ltr'>infi-</span> 
     </span>
    </p>

    <p class='ocr_par' dir='ltr' id='par_1_14' title="bbox 198 3322 1439 3512">
     <span class='ocr_line' id='line_1_27' title="bbox 198 3322 1439 3407; baseline -0.004 -16"><span class='ocrx_word' id='word_1_191' title='bbox 198 3325 318 3391; x_wconf 87' lang='lat' dir='ltr'>delium</span> <span class='ocrx_word' id='word_1_192' title='bbox 340 3324 497 3407; x_wconf 89' lang='lat' dir='ltr'>depressa</span> <span class='ocrx_word' id='word_1_193' title='bbox 518 3323 740 3390; x_wconf 90' lang='lat' dir='ltr'>multitudine:</span> <span class='ocrx_word' id='word_1_194' title='bbox 770 3326 887 3392; x_wconf 86' lang='lat' dir='ltr'>mutire</span> <span class='ocrx_word' id='word_1_195' title='bbox 914 3344 979 3390; x_wconf 91' lang='lat' dir='ltr'>non</span> <span class='ocrx_word' id='word_1_196' title='bbox 1009 3327 1133 3394; x_wconf 87' lang='lat' dir='ltr'>audens</span> <span class='ocrx_word' id='word_1_197' title='bbox 1158 3325 1261 3392; x_wconf 90' lang='lat' dir='ltr'>omnis</span> <span class='ocrx_word' id='word_1_198' title='bbox 1285 3322 1439 3406; x_wconf 89' lang='lat' dir='ltr'>iniqnitas</span> 
     </span>
     <span class='ocr_line' id='line_1_28' title="bbox 199 3427 530 3512; baseline 0 -19"><span class='ocrx_word' id='word_1_199' title='bbox 199 3427 343 3512; x_wconf 88' lang='lat' dir='ltr'>opilabnt</span> <span class='ocrx_word' id='word_1_200' title='bbox 366 3447 403 3494; x_wconf 91' lang='lat' dir='ltr'>os</span> <span class='ocrx_word' id='word_1_201' title='bbox 425 3446 530 3494; x_wconf 91' lang='lat' dir='ltr'>suum.</span> 
     </span>
    </p>
   </div>
   <div class='ocr_carea' id='block_1_9' title="bbox 282 3551 1441 3638">
    <p class='ocr_par' dir='ltr' id='par_1_15' title="bbox 282 3551 1441 3638">
     <span class='ocr_line' id='line_1_29' title="bbox 282 3551 1441 3638; baseline -0.001 -20"><span class='ocrx_word' id='word_1_202' title='bbox 282 3557 364 3634; x_wconf 66' lang='grc' dir='ltr'>Κεφ,</span> <span class='ocrx_word' id='word_1_203' title='bbox 411 3557 435 3618; x_wconf 94' lang='grc'>0</span> <span class='ocrx_word' id='word_1_204' title='bbox 459 3565 592 3634; x_wconf 86' lang='lat' dir='ltr'>quantus</span> <span class='ocrx_word' id='word_1_205' title='bbox 614 3559 687 3618; x_wconf 87' lang='lat' dir='ltr'>fidei</span> <span class='ocrx_word' id='word_1_206' title='bbox 709 3560 822 3620; x_wconf 82' lang='lat' dir='ltr'>feruor.</span> <span class='ocrx_word' id='word_1_207' title='bbox 846 3570 978 3636; x_wconf 81' lang='lat' dir='ltr'>utsupra</span> <span class='ocrx_word' id='word_1_208' title='bbox 999 3561 1182 3636; x_wconf 71' lang='lat' dir='ltr'>acceperas</span> <span class='ocrx_word' id='word_1_209' title='bbox 1206 3551 1253 3636; x_wconf 76' lang='lat'>[⁰:</span> <span class='ocrx_word' id='word_1_210' title='bbox 1271 3581 1301 3638; x_wconf 90' lang='lat' dir='ltr'>p.</span> <span class='ocrx_word' id='word_1_211' title='bbox 1326 3552 1441 3638; x_wconf 63' lang='lat'>22:32²}</span> 
     </span>
    </p>
   </div>
   <div class='ocr_carea' id='block_1_10' title="bbox 131 3671 1445 4590">
    <p class='ocr_par' dir='ltr' id='par_1_16' title="bbox 131 3671 1443 4177">
     <span class='ocr_line' id='line_1_30' title="bbox 131 3671 1443 3757; baseline 0.002 -19"><span class='ocrx_word' id='word_1_212' title='bbox 131 3711 164 3756; x_wconf 69' lang='lat'>³0</span> <span class='ocrx_word' id='word_1_213' title='bbox 285 3671 374 3738; x_wconf 74' lang='lat' dir='ltr'>lectae</span> <span class='ocrx_word' id='word_1_214' title='bbox 396 3672 444 3754; x_wconf 74' lang='lat' dir='ltr'>iij.</span> <span class='ocrx_word' id='word_1_215' title='bbox 490 3673 562 3740; x_wconf 87' lang='lat' dir='ltr'>Non</span> <span class='ocrx_word' id='word_1_216' title='bbox 585 3675 736 3742; x_wconf 86' lang='lat' dir='ltr'>cessabat</span> <span class='ocrx_word' id='word_1_217' title='bbox 748 3679 857 3741; x_wconf 89' lang='lat' dir='ltr'>autem</span> <span class='ocrx_word' id='word_1_218' title='bbox 882 3673 1241 3757; x_wconf 75' lang='lat' dir='ltr'>indefessuseuangelij</span> <span class='ocrx_word' id='word_1_219' title='bbox 1254 3675 1443 3757; x_wconf 88' lang='lat' dir='ltr'>predicator</span> 
     </span>
     <span class='ocr_line' id='line_1_31' title="bbox 198 3775 1443 3866; baseline 0.004 -25"><span class='ocrx_word' id='word_1_220' title='bbox 198 3795 283 3842; x_wconf 91' lang='lat' dir='ltr'>nunc</span> <span class='ocrx_word' id='word_1_221' title='bbox 306 3775 488 3843; x_wconf 89' lang='lat' dir='ltr'>obstinatos</span> <span class='ocrx_word' id='word_1_222' title='bbox 513 3780 681 3866; x_wconf 86' lang='lat' dir='ltr'>euincere:</span> <span class='ocrx_word' id='word_1_223' title='bbox 706 3797 790 3844; x_wconf 88' lang='lat' dir='ltr'>nunc</span> <span class='ocrx_word' id='word_1_224' title='bbox 815 3780 980 3845; x_wconf 73' lang='lat' dir='ltr'>intueare</span> <span class='ocrx_word' id='word_1_225' title='bbox 1001 3779 1115 3846; x_wconf 89' lang='lat' dir='ltr'>rudes:</span> <span class='ocrx_word' id='word_1_226' title='bbox 1146 3797 1232 3846; x_wconf 88' lang='lat' dir='ltr'>nunc</span> <span class='ocrx_word' id='word_1_227' title='bbox 1254 3780 1288 3846; x_wconf 93' lang='lat' dir='ltr'>in</span> <span class='ocrx_word' id='word_1_228' title='bbox 1309 3777 1374 3848; x_wconf 89' lang='lat' dir='ltr'>lide</span> <span class='ocrx_word' id='word_1_229' title='bbox 1395 3785 1443 3846; x_wconf 85' lang='lat' dir='ltr'>te-</span> 
     </span>
     <span class='ocr_line' id='line_1_32' title="bbox 197 3879 1442 3965; baseline -0.001 -16"><span class='ocrx_word' id='word_1_230' title='bbox 197 3899 294 3949; x_wconf 85' lang='lat' dir='ltr'>neres</span> <span class='ocrx_word' id='word_1_231' title='bbox 328 3879 521 3948; x_wconf 83' lang='lat' dir='ltr'>coniectare.</span> <span class='ocrx_word' id='word_1_232' title='bbox 573 3881 681 3948; x_wconf 88' lang='lat' dir='ltr'>Nicbit</span> <span class='ocrx_word' id='word_1_233' title='bbox 715 3883 794 3963; x_wconf 77' lang='lat' dir='ltr'>regij</span> <span class='ocrx_word' id='word_1_234' title='bbox 825 3883 939 3963; x_wconf 81' lang='lat' dir='ltr'>iaetus,</span> <span class='ocrx_word' id='word_1_235' title='bbox 957 3884 1066 3962; x_wconf 51' lang='lat' dir='ltr'>,nichil</span> <span class='ocrx_word' id='word_1_236' title='bbox 1095 3885 1276 3965; x_wconf 87' lang='lat' dir='ltr'>tyrannidis</span> <span class='ocrx_word' id='word_1_237' title='bbox 1307 3883 1341 3950; x_wconf 90' lang='lat' dir='ltr'>in</span> <span class='ocrx_word' id='word_1_238' title='bbox 1364 3901 1442 3949; x_wconf 89' lang='lat' dir='ltr'>suos</span> 
     </span>
     <span class='ocr_line' id='line_1_33' title="bbox 200 3986 1442 4071; baseline 0.002 -19"><span class='ocrx_word' id='word_1_239' title='bbox 200 3986 375 4054; x_wconf 78' lang='lat' dir='ltr'>exercebat</span> <span class='ocrx_word' id='word_1_240' title='bbox 395 3987 559 4054; x_wconf 88' lang='lat' dir='ltr'>subditos:</span> <span class='ocrx_word' id='word_1_241' title='bbox 589 3987 687 4054; x_wconf 90' lang='lat' dir='ltr'>immo</span> <span class='ocrx_word' id='word_1_242' title='bbox 714 3986 864 4054; x_wconf 91' lang='lat' dir='ltr'>omnibus</span> <span class='ocrx_word' id='word_1_243' title='bbox 890 3988 1039 4071; x_wconf 83' lang='lat' dir='ltr'>exempla</span> <span class='ocrx_word' id='word_1_244' title='bbox 1060 3989 1222 4071; x_wconf 89' lang='lat' dir='ltr'>prebebat</span> <span class='ocrx_word' id='word_1_245' title='bbox 1244 4007 1362 4071; x_wconf 79' lang='lat' dir='ltr'>magne</span> <span class='ocrx_word' id='word_1_246' title='bbox 1383 3989 1442 4054; x_wconf 89' lang='lat' dir='ltr'>hu-</span> 
     </span>
     <span class='ocr_line' id='line_1_34' title="bbox 199 4091 1442 4177; baseline 0.001 -18"><span class='ocrx_word' id='word_1_247' title='bbox 199 4091 346 4159; x_wconf 86' lang='lat' dir='ltr'>militatis</span> <span class='ocrx_word' id='word_1_248' title='bbox 379 4095 413 4156; x_wconf 89' lang='lat' dir='ltr'>et</span> <span class='ocrx_word' id='word_1_249' title='bbox 446 4091 716 4164; x_wconf 87' lang='lat' dir='ltr'>mansuetudinis.</span> <span class='ocrx_word' id='word_1_250' title='bbox 767 4091 804 4157; x_wconf 92' lang='lat' dir='ltr'>ln</span> <span class='ocrx_word' id='word_1_251' title='bbox 832 4091 941 4160; x_wconf 85' lang='lat' dir='ltr'>futuro</span> <span class='ocrx_word' id='word_1_252' title='bbox 972 4096 1092 4162; x_wconf 82' lang='lat' dir='ltr'>atenm</span> <span class='ocrx_word' id='word_1_253' title='bbox 1121 4094 1299 4177; x_wconf 87' lang='lat' dir='ltr'>prouincijs</span> <span class='ocrx_word' id='word_1_254' title='bbox 1325 4093 1442 4175; x_wconf 86' lang='lat' dir='ltr'>quibus</span> 
     </span>
    </p>

    <p class='ocr_par' dir='ltr' id='par_1_17' title="bbox 132 4197 1445 4590">
     <span class='ocr_line' id='line_1_35' title="bbox 132 4197 1443 4281; baseline 0.009 -27"><span class='ocrx_word' id='word_1_255' title='bbox 132 4207 164 4254; x_wconf 84' lang='lat' dir='ltr'>as</span> <span class='ocrx_word' id='word_1_256' title='bbox 199 4201 331 4278; x_wconf 67' lang='lat' dir='ltr'>mearat</span> <span class='ocrx_word' id='word_1_257' title='bbox 352 4197 546 4276; x_wconf 87' lang='lat' dir='ltr'>prouidens:</span> <span class='ocrx_word' id='word_1_258' title='bbox 579 4215 620 4264; x_wconf 90' lang='lat' dir='ltr'>na</span> <span class='ocrx_word' id='word_1_259' title='bbox 649 4197 826 4264; x_wconf 90' lang='lat' dir='ltr'>nobiliores</span> <span class='ocrx_word' id='word_1_260' title='bbox 860 4198 984 4280; x_wconf 71' lang='lat' dir='ltr'>umque</span> <span class='ocrx_word' id='word_1_261' title='bbox 1012 4205 1047 4266; x_wconf 87' lang='lat' dir='ltr'>et</span> <span class='ocrx_word' id='word_1_262' title='bbox 1075 4200 1279 4281; x_wconf 88' lang='lat' dir='ltr'>potentiores</span> <span class='ocrx_word' id='word_1_263' title='bbox 1305 4217 1365 4281; x_wconf 89' lang='lat' dir='ltr'>per</span> <span class='ocrx_word' id='word_1_264' title='bbox 1385 4215 1443 4280; x_wconf 86' lang='lat' dir='ltr'>po·</span> 
     </span>
     <span class='ocr_line' id='line_1_36' title="bbox 198 4299 1445 4384; baseline 0.002 -18"><span class='ocrx_word' id='word_1_265' title='bbox 198 4300 337 4366; x_wconf 90' lang='lat' dir='ltr'>tentiam</span> <span class='ocrx_word' id='word_1_266' title='bbox 359 4299 550 4368; x_wconf 85' lang='lat' dir='ltr'>humiliores</span> <span class='ocrx_word' id='word_1_267' title='bbox 573 4301 811 4384; x_wconf 89' lang='lat' dir='ltr'>opprimerent:</span> <span class='ocrx_word' id='word_1_268' title='bbox 835 4301 926 4384; x_wconf 77' lang='lat' dir='ltr'>leges</span> <span class='ocrx_word' id='word_1_269' title='bbox 952 4302 1079 4371; x_wconf 87' lang='lat' dir='ltr'>diuinas</span> <span class='ocrx_word' id='word_1_270' title='bbox 1102 4309 1136 4368; x_wconf 88' lang='lat' dir='ltr'>et</span> <span class='ocrx_word' id='word_1_271' title='bbox 1156 4303 1316 4370; x_wconf 86' lang='lat' dir='ltr'>humanas</span> <span class='ocrx_word' id='word_1_272' title='bbox 1340 4302 1445 4370; x_wconf 88' lang='lat' dir='ltr'>multa</span> 
     </span>
     <span class='ocr_line' id='line_1_37' title="bbox 198 4403 1443 4490; baseline 0.004 -21"><span class='ocrx_word' id='word_1_273' title='bbox 198 4403 315 4486; x_wconf 86' lang='lat' dir='ltr'>plenas</span> <span class='ocrx_word' id='word_1_274' title='bbox 343 4405 506 4486; x_wconf 87' lang='lat' dir='ltr'>sapientia</span> <span class='ocrx_word' id='word_1_275' title='bbox 535 4410 570 4472; x_wconf 87' lang='lat' dir='ltr'>et</span> <span class='ocrx_word' id='word_1_276' title='bbox 597 4408 679 4472; x_wconf 87' lang='lat' dir='ltr'>mira</span> <span class='ocrx_word' id='word_1_277' title='bbox 709 4407 908 4489; x_wconf 86' lang='lat' dir='ltr'>compositas</span> <span class='ocrx_word' id='word_1_278' title='bbox 936 4407 1133 4478; x_wconf 89' lang='lat' dir='ltr'>discretione</span> <span class='ocrx_word' id='word_1_279' title='bbox 1156 4407 1291 4490; x_wconf 88' lang='lat' dir='ltr'>scripsit</span> <span class='ocrx_word' id='word_1_280' title='bbox 1313 4411 1347 4474; x_wconf 91' lang='lat' dir='ltr'>et</span> <span class='ocrx_word' id='word_1_281' title='bbox 1368 4425 1443 4489; x_wconf 88' lang='lat' dir='ltr'>pro-</span> 
     </span>
     <span class='ocr_line' id='line_1_38' title="bbox 199 4509 365 4590; baseline -0.018 -14"><span class='ocrx_word' id='word_1_282' title='bbox 199 4509 365 4590; x_wconf 79' lang='lat' dir='ltr'>mrdganit.</span> 
     </span>
    </p>
   </div>
   <div class='ocr_carea' id='block_1_11' title="bbox 216 4639 1443 4725">
    <p class='ocr_par' dir='ltr' id='par_1_18' title="bbox 216 4639 1443 4725">
     <span class='ocr_line' id='line_1_39' title="bbox 216 4639 1443 4725; baseline 0.004 -26"><span class='ocrx_word' id='word_1_283' title='bbox 216 4715 220 4725; x_wconf 29' lang='lat'>¹</span> <span class='ocrx_word' id='word_1_284' title='bbox 283 4639 369 4716; x_wconf 71' lang='lat' dir='ltr'>Resp-</span> <span class='ocrx_word' id='word_1_285' title='bbox 411 4639 516 4700; x_wconf 72' lang='lat' dir='ltr'>hetae</span> <span class='ocrx_word' id='word_1_286' title='bbox 538 4657 611 4702; x_wconf 84' lang='lat' dir='ltr'>varo</span> <span class='ocrx_word' id='word_1_287' title='bbox 633 4645 667 4700; x_wconf 77' lang='lat' dir='ltr'>rt</span> <span class='ocrx_word' id='word_1_288' title='bbox 687 4643 736 4702; x_wconf 85' lang='lat' dir='ltr'>leo</span> <span class='ocrx_word' id='word_1_289' title='bbox 757 4641 914 4704; x_wconf 84' lang='lat' dir='ltr'>conlidens</span> <span class='ocrx_word' id='word_1_290' title='bbox 934 4641 1052 4720; x_wconf 74' lang='lat' dir='ltr'>absque</span> <span class='ocrx_word' id='word_1_291' title='bbox 1074 4645 1192 4704; x_wconf 86' lang='lat' dir='ltr'>terrore</span> <span class='ocrx_word' id='word_1_292' title='bbox 1216 4648 1284 4705; x_wconf 81' lang='lat' dir='ltr'>erat</span> <span class='ocrx_word' id='word_1_293' title='bbox 1304 4648 1337 4706; x_wconf 90' lang='lat' dir='ltr'>et</span> <span class='ocrx_word' id='word_1_294' title='bbox 1358 4646 1443 4706; x_wconf 81' lang='lat' dir='ltr'>inrta</span> 
     </span>
    </p>
   </div>
   <div class='ocr_carea' id='block_1_12' title="bbox 0 0 1835 5342">
    <p class='ocr_par' dir='ltr' id='par_1_19' title="bbox 0 0 1835 5342">
     <span class='ocr_line' id='line_1_40' title="bbox 0 0 1835 5342; baseline 0 0"><span class='ocrx_word' id='word_1_295' title='bbox 0 0 1835 5342; x_wconf 95' lang='lat' dir='ltr'> </span> 
     </span>
    </p>
   </div>
   <div class='ocr_carea' id='block_1_13' title="bbox 1812 0 1827 3270">
    <p class='ocr_par' dir='ltr' id='par_1_20' title="bbox 1812 0 1827 3270">
     <span class='ocr_line' id='line_1_41' title="bbox 1812 0 1827 3270; baseline 0 0"><span class='ocrx_word' id='word_1_296' title='bbox 1812 0 1827 3270; x_wconf 95' lang='lat' dir='ltr'> </span> 
     </span>
    </p>
   </div>
  </div>
 </body>
</html>
