3668 5348
377 331 546 384 HISTORIA
561 331 616 384 DE·
627 327 864 388 Anatolium
880 329 1005 383 REGUM
1022 329 1339 387 Noawaomltemm.
1434 333 1474 397 57

236 519 292 582 tue
321 509 581 584 llormannorum
613 529 713 582 naves
748 515 897 597 petierat,
933 515 1039 581 onusti
1075 515 1207 598 prada5
1244 515 1360 598 reliqui
1398 532 1474 580 vero

239 619 345 686 animo
379 621 542 688 constanti
576 623 721 703 quamvis
754 621 847 701 pauci
882 637 919 684 se
949 621 990 684 ud
1021 619 1141 686 bellum
1169 625 1364 703 praeparant.
1409 617 1475 686 Sed

206 703 317 806 ‘quid
339 723 473 790 iaciant¹
494 726 588 808 pauci
611 731 725 791 contra
746 729 797 789 tot
819 723 921 788 millia
942 723 1064 790 fortes?
1078 698 1180 807 'Ipse
1210 743 1286 791 uero
1317 723 1387 790 rex⁸
1409 725 1475 789 Ha-

239 829 348 895 reidue
372 847 455 912 equo
479 831 635 909 insidens,
659 830 735 894 dum
757 831 858 894 aciem
882 829 1031 894 ordinare
1054 833 1154 909 curat,
1178 847 1261 911 equo
1285 831 1421 896 cadente
1444 829 1477 894 in

189 941 204 986 ⁵
239 938 360 1000 terram
383 951 541 999 excussus
559 935 678 1000 dixisse
700 933 816 1000 dantur:
835 951 921 1026 garo,
942 933 1136 1015 inquit,tale
1160 935 1286 1019 signum
1309 933 1478 1020 ροιῑῃςῃῤ

239 1038 422 1118 victoriam
454 1055 513 1103 nec
543 1057 616 1104 eum
643 1035 759 1103 ieiellit
781 1038 949 1104 sinistrum
973 1057 1077 1118 omen,
1100 1055 1175 1102 nam
1198 1039 1230 1103 iu
1253 1041 1366 1104 eodem
1389 1038 1476 1105 bello

239 1109 494 1224 inse-demultum.
539 1141 656 1208 Toste⁸
678 1143 777 1208 etiam
799 1143 1044 1208 iraterHsraldi
1063 1142 1148 1223 regis
1165 1143 1301 1226 Augliae,
1325 1144 1379 1225 qni
1402 1159 1477 1208 eum

240 1247 315 1312 illuc
329 1247 517 1326 adduxerat,
540 1247 660 1312 ibidem
684 1248 811 1314 occisus
835 1251 887 1311 est
909 1251 1063 1328 totusque
1087 1249 1249 1313 exercitus
1271 1265 1365 1330 paene
1389 1245 1476 1312 dele·

240 1359 294 1417 tus
316 1357 377 1417 est.
418 1352 553 1418 Factum
589 1357 639 1416 est
670 1351 733 1417 hoc
766 1350 885 1417 bellom
921 1351 1018 1435 [anno
1040 1352 1081 1416 ab
1104 1351 1327 1418 incarnatione
1349 1349 1477 1416 Domini

175 1471 207 1517 uo
241 1453 428 1522 millesime
448 1457 650 1538 sexagesimo
678 1452 793 1536 sexto¹,
825 1455 1019 1539 apparente⁵
1046 1461 1173 1522 cometa
1193 1456 1403 1522 rutilantibus
1427 1473 1479 1522 oo

241 1561 304 1626 mis
319 1579 379 1643 per
400 1561 526 1646 aliquot
547 1561 616 1626 dies
639 1566 673 1626 et
692 1559 919 1643 praefigurante
939 1560 1024 1626 hanc
1047 1561 1173 1626 cladem
1196 1561 1381 1642 Anglorunu,
1405 1577 1478 1642 qum

241 1665 317 1756 ilico
339 1665 518 1732 subsecuta
540 1671 599 1730 est.
1035 1663 1042 1676 “

326 1769 411 1836 Isto⁶
435 1768 597 1834 Humidus
626 1769 659 1834 in
692 1769 915 1836 adolescentia
943 1787 1003 1834 sua
1029 1769 1131 1836 multa
1161 1775 1293 1836 strenue
1322 1773 1478 1850 gesserat,

241 1871 462 1940 subvertendo
490 1874 660 1956 plurimasl
689 1875 836 1940 civitatee
869 1884 1067 1958 paganorum
1101 1889 1297 1956 magnaeque
1324 1877 1479 1956 pecunius

177 1998 208 2044 aa
243 1977 630 2086 aniereud07iuRuscia⁸‚
653 1978 874 2060 inAEtniopia,
898 1996 994 2061 quam
1017 1997 1077 2044 noe
1101 1983 1247 2044 matema
1269 1978 1377 2060 lingua
1395 1978 1479 2044 Bla-

243 2081 352 2150 tano⁹
372 2101 540 2162 uocumus3
563 2083 909 2165 indeHieroeolymom
925 2083 1092 2165 proiectus
1112 2089 1172 2164 est,
1191 2083 1311 2166 ubique
1333 2081 1479 2148 iamoeuo

245 2193 278 2254 et
300 2189 506 2253 victoriosus
551 2187 674 2253 Postea
700 2193 875 2270 peragrata
903 2187 1013 2253 Sicilia
1042 2204 1223 2271 magnaque
1249 2187 1389 2270 pecunia
1411 2187 1482 2253 ob¹⁰

244 2292 278 2356 id
300 2292 445 2358 locorum
469 2295 597 2357 extorta
618 2293 709 2357 uenit
731 2291 1063 2374 constantinopolin¹¹
1090 2292 1200 2374 ibique
1233 2292 1319 2374 apud
1341 2294 1481 2374 impera·
1539 2331 1541 2336 =

245 2395 379 2462 torem¹²
401 2401 584 2476 accusatus,
608 2394 728 2462 indicta
753 2396 856 2461 eidem
881 2397 1069 2478 imperatori
1093 2395 1204 2462 satis¹⁸
1224 2395 1486 2478 probrosaigno·

178 2527 212 2573 ιο
249 2501 357 2580 minis,
380 2499 573 2583 inopinabili
594 2499 672 2583 iuga
693 2499 856 2584 elapsus¹⁴
877 2507 938 2566 est.

556 2683 633 2771 Gap.
655 2683 772 2752 XXIX.
815 2685 864 2752 De
888 2684 989 2752 Olsvo
1011 2684 1078 2752 filio
1101 2686 1180 2768 ejus.

331 2849 508 2916 Interfecto
547 2851 657 2932 itaque
691 2851 836 2918 Haraldo
876 2853 990 2920 eodem
1024 2853 1057 2917 in
1091 2853 1208 2934 Anglia
1240 2871 1406 2936 regressus
1439 2859 1490 2946 eet

246 2953 332 3021 iilius
366 2955 437 3038 ejus
469 2955 589 3021 Olavus
624 2973 696 3021 cum
729 2958 855 3038 reliquo
888 2958 1033 3024 exercitu
1065 2959 1097 3022 in
1128 2957 1342 3040 Norwagiam.
1398 2957 1487 3023 Idem

318 3124 371 3179 ¹8.
390 3128 481 3180 sacient
500 3129 557 3180 Ax.
597 3127 681 3180 Ἀθ.
699 3136 795 3192 aliegat
812 3130 846 3180 K.
881 3125 961 3180 ³AS.
981 3131 1111 3182 Tantali.
1145 3125 1234 3180 ‘AX
1253 3131 1287 3180 ab
1304 3132 1320 3178 i.
1339 3131 1371 3180 D.
1391 3146 1422 3179 m.
1436 3145 1455 3179 ι.
1468 3143 1488 3179 e.
1514 3151 1518 3160 ·

247 3232 315 3268 anno
334 3218 359 3268 S.
396 3211 484 3272 ἈΚ
501 3224 640 3281 apparente
657 3215 684 3267 S.
729 3211 815 3268 ‘alt
835 3219 894 3284 lpse
913 3218 940 3270 S.
984 3214 1071 3272 'att
1091 3219 1204 3277 plurim
1220 3217 1247 3268 S.
1303 3213 1399 3270 ‘AX
1426 3219 1489 3268 Rus-

248 3306 287 3358 sia
303 3305 329 3355 S.
373 3299 486 3354 'Anio
506 3305 631 3354 Blaalund
649 3303 674 3353 S.
698 3355 703 3362 ,
723 3300 744 3328 ¹⁰
763 3305 816 3355 AS.
835 3305 895 3374 nugi.
913 3305 947 3354 K.
996 3301 1016 3330 ¹¹
1037 3305 1095 3356 nli.
1116 3306 1182 3356 -im
1201 3306 1226 3356 S.
1279 3305 1303 3333 '²
1325 3305 1429 3358 ΑΗ.
1449 3307 1490 3356 all-

248 3392 312 3442 later
330 3401 386 3443 est
427 3389 454 3421 ¹⁸
475 3391 527 3442 ΒΚ.
545 3393 605 3442 laets
624 3392 656 3441 A.
697 3391 721 3418 ¹⁴
743 3391 800 3442 nil.
820 3393 925 3457 illapsus
943 3391 968 3443 S.

335 3551 363 3606 9.
407 3547 467 3606 hoo
488 3539 615 3623 bellum]
641 3547 706 3606 ami.
731 3546 832 3622 Henn'y
854 3547 889 3606 oi
911 3547 1111 3624 Hnntingdon
1133 3541 1231 3618 (Uen.
1258 3547 1307 3604 Br.
1339 3545 1362 3616 1,
1399 3541 1489 3620 ldd):

220 3707 226 3716 .
249 3651 291 3713 Ea
311 3653 394 3712 iacta
415 3661 464 3713 eet
485 3653 614 3712 mutatio
637 3651 751 3710 dextrae
773 3651 904 3722 Excolat,
929 3671 1018 3727 quom
1039 3655 1156 3710 cometa
1177 3653 1286 3728 ingess
1308 3652 1339 3708 in
1363 3649 1489 3710 exordio

251 3755 389 3830 ejusdem
412 3758 483 3814 anni
507 3756 730 3831 designaverat,
753 3755 834 3814 unde
859 3757 973 3814 dietum
997 3761 1062 3814 est:

453 3859 542 3920 Mna
565 3859 687 3920 milleno
711 3877 863 3935 sexageno
887 3880 1011 3938 quoque
1033 3879 1109 3920 seno

453 3964 620 4039 Auglorum
643 3969 730 4024 metae
754 3963 889 4024 flammas
913 3984 1038 4023 sensere
1062 3969 1197 4024 oometae.

251 4067 481 4129 lassabundos
504 4087 600 4144 egeae
621 4069 679 4128 hos
702 4070 803 4146 Rogen
826 4071 864 4128 de
887 4069 1035 4130 Houeden
1058 4063 1120 4143 (ed.
1136 4069 1251 4130 Stnbbs
1268 4069 1293 4141 l,
1319 4063 1400 4143 111),
1426 4089 1490 4127 som

251 4174 315 4234 iste.
336 4174 472 4232 flammae
494 4172 551 4232 iser
572 4175 695 4234 crinem

339 4281 387 4338 13.
431 4279 496 4337 lete
528 4271 703 4354 Hearaldua]⁸
751 4279 858 4338 Denne
891 4280 1060 4353 Beneining
1091 4297 1139 4336 om
1171 4278 1303 4338 Hanelda
1336 4275 1493 4336 Bedriiten

253 4383 425 4444 odediende
461 4387 604 4442 stemmen
639 4383 755 4459 ganeis
787 4383 858 4442 med
881 4383 1063 4442 Skeldevers
1087 4375 1242 4454 (Biilverk,
1269 4384 1354 4449 Sion,
1378 4381 1491 4456 Thjod·

253 4483 328 4562 etv),
362 4488 443 4548 udan
479 4491 518 4545 st·
543 4491 644 4562 noget'
669 4489 701 4546 ai
735 4489 774 4547 de
804 4507 912 4547 senene
942 4488 1023 4564 Sagun
1058 4505 1091 4544 en
1122 4485 1330 4547 indblandede
1353 4479 1491 4563 (Munoh,

237 4593 347 4666 ,Sami
368 4593 438 4652 Asu.
464 4595 487 4666 1,
512 4587 680 4666 dom-5⁴).
