3668 5348
384 367 425 430 60
811 368 1010 422 nnsonmcr
1025 368 1195 423 mousom

384 549 542 632 principis
575 550 683 614 aureis
711 549 815 616 literis
845 551 879 616 in
906 549 1093 616 summitate
1123 553 1272 618 maceriae
1294 551 1514 633 conscriptum
1538 551 1621 618 adeo

384 655 519 736 magnis,
542 661 580 720 ut
600 655 634 720 in
654 656 839 736 pavimento
863 656 936 736 quis
959 661 1049 722 stans
1071 654 1223 722 facillime
1243 656 1352 735 legere
1374 661 1505 738 posset;
1534 656 1621 736 quod

383 756 496 823 ultimo
520 760 628 823 atatis
649 777 719 824 snae
742 775 826 824 anuo
849 761 895 825 ita
914 760 1072 826 deletnm¹
1093 761 1163 839 luit,
1187 767 1222 824 nt
1240 759 1330 825 nullo
1349 761 1445 826 modo
1463 761 1529 839 legi
1547 779 1621 842 pos

383 867 443 926 set.
490 862 648 939 Quartum
671 863 733 928 init
754 865 880 945 signum
904 863 1115 946 prefigurans
1143 871 1281 931 mortem
1300 850 1409 946 ipsius,
1434 866 1522 946 quod
1548 881 1621 930 cnm

385 966 549 1047 equitaret
577 985 693 1033 sereno
723 969 776 1034 die
811 969 919 1035 iercns
946 969 1092 1035 lanceam
1120 989 1227 1050 mann,
1258 969 1366 1048 fulgur
1393 970 1512 1035 cecidit
1544 975 1621 1035 ante

384 1072 487 1154 pedes
509 1073 595 1154 equi,
625 1091 689 1138 una
721 1092 794 1140 cum
825 1093 903 1156 rege
938 1077 1043 1157 ipsum
1077 1074 1242 1158 dejiciens,
1276 1073 1392 1140 lancea
1421 1091 1551 1156 qnoque
1582 1075 1622 1140 dc

384 1196 483 1243 manu
505 1178 574 1260 ejus
597 1181 692 1258 longe
713 1180 860 1261 projecta
882 1183 944 1258 est,
968 1179 1088 1262 cinguli
1112 1181 1208 1262 rupti,
1231 1179 1410 1261 imperator
1430 1184 1540 1244 tanmn
1553 1179 1623 1246 sine

384 1282 520 1348 lesione
543 1283 731 1363 permansit.
775 1283 846 1348 Hoc
868 1284 1059 1366 contigitis
1082 1285 1199 1350 ultima
1211 1283 1417 1367 expeditione
1439 1301 1508 1361 sna,
1525 1301 1622 1366 qnam

385 1386 500 1452 habuit
532 1391 645 1452 contra
677 1387 903 1469 Hemmingnm
938 1407 1048 1470 regem
1072 1389 1193 1468 Daciae,
1228 1388 1283 1471 qni
1317 1389 1460 1470 superbe
1492 1389 1623 1454 locutus

385 1489 493 1556 iuerat
525 1499 638 1558 contra
667 1493 874 1575 majestatem
903 1494 972 1576 ejas
994 1494 1197 1576 imperialem
1219 1493 1382 1558 transiens
1402 1511 1463 1574 per
1483 1493 1623 1560 mediam
1660 1506 1694 1552 ιο

385 1595 567 1676 baroniam,
597 1616 691 1678 qnam
723 1599 756 1662 in
784 1598 875 1662 aunis
905 1599 1039 1682 triginta
1066 1598 1188 1680 iugiter
1209 1597 1422 1663 rebellantem
1444 1596 1548 1662 multo
1570 1615 1625 1664 sn-

387 1702 466 1766 dore
500 1707 534 1767 et
566 1701 759 1780 infatigabili
792 1703 948 1768 instantia
980 1704 1030 1768 vix
1064 1702 1156 1766 suari
1185 1702 1263 1784 jugo
1296 1700 1419 1769 Christi
1451 1703 1624 1768 inclinauit

386 1807 450 1871 Ter
481 1825 620 1888 namque
654 1795 828 1888 episcopos
862 1825 900 1872 ac
932 1807 1142 1889 presbyteros
1175 1806 1217 1872 ad
1244 1823 1280 1872 se
1311 1806 1429 1872 missos
1452 1807 1627 1874 crudeliter

386 1916 600 1990 necaverunt3
623 1910 754 1976 tandem
779 1928 857 1992 ergo
880 1911 1153 1977 clementissimos
1174 1911 1352 1993 imperator
1373 1917 1533 1994 pertesus
1557 1930 1625 1980 ma·

386 2016 466 2084 litiae
489 2033 601 2081 eorum
632 2015 723 2080 misit
750 2019 785 2079 et
813 2015 891 2081 iecit
919 2017 1062 2084 interimi
1093 2033 1216 2094 omnes,
1241 2019 1403 2096 quotquot
1424 2016 1532 2096 gladio
1555 2017 1625 2098 eius
1663 2038 1694 2084 1⁵

386 2121 521 2187 altiores
554 2126 666 2188 essent
697 2121 867 2203 utrimque
900 2139 998 2188 sexus
1028 2120 1267 2202 progenitores.
1321 2119 1417 2186 Tum²
1444 2139 1521 2186 vero
1545 2121 1625 2186 solis

386 2227 496 2308 pueris
514 2224 757 2316 remanentibus
776 2224 854 2291 iecit
872 2227 920 2291 eis
937 2225 1079 2292 ordinari
1096 2226 1269 2307 episcopos
1289 2231 1323 2290 et
1339 2223 1559 2308 presbyteros.
1573 2225 1628 2308 qni

385 2331 459 2398 illos
488 2331 644 2394 docerent
665 2330 748 2394 viam
771 2331 888 2396 saluds
911 2335 1052 2408 aeternae,
1072 2335 1108 2394 ct
1128 2332 1185 2408 sic,
1209 2347 1289 2410 quo
1311 2329 1441 2394 semel
1464 2330 1629 2396 imbuta

386 2452 536 2502 recens
560 2436 651 2513 luit'
673 2434 878 2500 servavit⁸
900 2435 1069 2502 odorem
1092 2440 1202 2501 testu
1225 2434 1302 2500 diu.
1346 2433 1558 2516 Hemmingus
1580 2439 1628 2500 te·
1805 2505 1806 2518 p

387 2559 460 2606 men
499 2540 610 2606 audito
652 2540 794 2604 adventu
826 2540 1033 2622 imperatoris
1066 2539 1206 2621 supplex
1239 2539 1366 2605 obviam
1397 2540 1562 2621 processit
1595 2545 1629 2602 et
1663 2541 1696 2586 ²⁰
1805 2615 1806 2622 ἵ

387 2645 513 2711 veniam
537 2643 727 2726 promeruit.
771 2644 864 2710 Licet
893 2645 1005 2726 itaque
1029 2643 1163 2710 Carolus
1194 2644 1376 2713 certissime
1410 2648 1630 2724 cognosceret,

393 2751 463 2816 haec
481 2750 574 2830 signa
595 2747 702 2816 suam*
724 2749 961 2830 quodammodo
978 2748 1127 2830 proloqui
1146 2753 1294 2828 mortem,
1316 2753 1426 2814 mmcd
1448 2748 1631 2813 constantia

394 2853 478 2920 virili
502 2860 536 2922 et
557 2852 778 2936 magnitudine
800 2854 899 2918 animi
927 2860 1042 2919 cuncta
1072 2852 1349 2932 dissimulaveram
1383 2853 1511 2918 iunctae
1545 2852 1630 2919 enim

393 2959 522 3025 rimatis
550 2961 582 3024 in
606 2959 677 3039 ipso
700 2959 825 3039 insigne
854 2958 994 3034 emicuit,
1018 2977 1082 3039 qua
1104 2957 1201 3022 animi
1222 2956 1414 3039 prestantia
1435 2975 1500 3022 non
1526 2957 1631 3023 minas

394 3082 552 3147 prospera
575 3083 669 3148 quam
694 3063 832 3128 adversa
853 3063 998 3130 calcavit.
1043 3061 1085 3126 Et
1106 3079 1146 3126 ne
1164 3061 1296 3144 aliquod
1311 3062 1441 3126 virtutis
1459 3061 1629 3142 vestigium
1664 3072 1697 3118 2⁵

395 3169 625 3234 sublimitatem
650 3169 719 3251 ejus
741 3168 933 3251 preteriret
964 3168 996 3231 in
1030 3165 1182 3247 parandis
1205 3165 1356 3231 amicitiis
1384 3171 1418 3230 et
1448 3164 1629 3229 retinendis

395 3291 490 3356 paene
513 3279 647 3340 cunctos
670 3273 824 3338 mortales
847 3271 1009 3350 anteibat;
1031 3289 1106 3335 nam
1129 3276 1163 3335 et
1185 3271 1307 3336 amicos
1324 3269 1419 3336 facile
1436 3268 1631 3334 admittebat

397 3382 431 3443 et
452 3378 701 3459 diligentissime
724 3376 862 3442 colebat.
906 3376 1093 3444 Redeamus
1117 3373 1159 3440 ad
1180 3381 1303 3442 nostru.

644 3583 722 3665 (lap.
746 3581 860 3647 xxxi.
904 3581 955 3648 De
979 3581 1080 3662 gestis
1102 3579 1247 3663 ejusdem
1266 3580 1387 3661 Magni.
1405 3623 1407 3628 -

479 3737 608 3801 Mortno
627 3735 739 3815 itaque
751 3732 864 3797 Hacon
883 3731 948 3797 filio
968 3731 1075 3813 Magni
1099 3731 1208 3796 fratris
1228 3731 1321 3798 Olavi
1339 3730 1630 3812 scalpam-Thoar,
1666 3759 1699 3806 ³0

395 3838 451 3922 qui
476 3859 548 3906 eum
571 3839 739 3919 nutrierat,
762 3837 878 3902 dolens
901 3837 1018 3918 Magno
1037 3841 1293 3940 totumregnum
1310 3837 1488 3919 Norwugise
1506 3835 1632 3917 subjici,

466 3993 687 4046 'Sltdclecuom
706 3995 739 4042 Α.
778 3992 841 4042 *lt
860 4003 887 4042 tn
906 3993 957 4044 As.
997 3989 1083 4043 ΒΑΚ.
1104 3991 1260 4054 εευώίιῦ.
1296 3987 1384 4044 *alt
1403 3991 1496 4043 snas.
1531 3986 1632 4041 ‘Abla

395 4081 494 4144 Stciper
512 4083 548 4132 K.

483 4221 531 4278 lu.
576 4238 637 4296 qao
660 4211 769 4294 semel]
794 4220 859 4279 sml.
883 4219 1002 4280 Horatii
1023 4217 1104 4294 Epp.
1128 4219 1152 4289 Ι,
1177 4219 1203 4289 2,
1227 4219 1369 4278 ott—70:

608 4324 673 4396 Qvo
696 4325 790 4382 semel
813 4330 861 4384 est
882 4326 999 4385 imbute
1020 4343 1139 4394 recens,
1163 4322 1297 4382 servabit
1319 4323 1443 4382 odorem

607 4431 688 4486 testa
712 4428 772 4488 din.
813 4407 816 4414 Ι

482 4536 531 4593 30.
575 4526 709 4609 mortno]
734 4536 788 4594 cfr.
812 4517 910 4610 Agrip
935 4533 990 4591 lb:
1022 4531 1089 4590 Enn
1113 4533 1192 4590 efter
1213 4531 1469 4590 iratallHoconar
1491 4531 1530 4606 be
1549 4531 1634 4588 matti

396 4631 488 4716 boris
515 4640 574 4716 sigi
604 4642 696 4716 siqua
731 4642 817 4717 scapi
853 4641 920 4698 sino
953 4639 991 4697 til
1022 4637 1154 4714 Mognns
1189 4651 1223 4695 er
1257 4635 1296 4710 ps
1327 4643 1378 4698 toc
1409 4637 1461 4713 nib
1495 4637 1563 4696 riki.
1599 4655 1634 4694 oc
