<?xml version="1.0" encoding="UTF-8"?>
<!DOCTYPE html PUBLIC "-//W3C//DTD XHTML 1.0 Transitional//EN"
    "http://www.w3.org/TR/xhtml1/DTD/xhtml1-transitional.dtd">
<html xmlns="http://www.w3.org/1999/xhtml" xml:lang="en" lang="en">
 <head>
  <title>
</title>
<meta http-equiv="Content-Type" content="text/html;charset=utf-8" />
  <meta name='ocr-system' content='tesseract 3.04.00' />
  <meta name='ocr-capabilities' content='ocr_page ocr_carea ocr_par ocr_line ocrx_word'/>
</head>
<body>
  <div class='ocr_page' id='page_1' title='image "./monumentahistor01storgoog/monumentahistor01storgoog_0334.png"; bbox 0 0 3640 5342; ppageno 0'>
   <div class='ocr_carea' id='block_1_1' title="bbox 365 259 428 334">
    <p class='ocr_par' dir='ltr' id='par_1_1' title="bbox 365 259 428 334">
     <span class='ocr_line' id='line_1_1' title="bbox 365 259 428 334; baseline 0 0"><span class='ocrx_word' id='word_1_1' title='bbox 365 259 428 334; x_wconf 74' lang='lat'><strong>254</strong></span> 
     </span>
    </p>
   </div>
   <div class='ocr_carea' id='block_1_2' title="bbox 362 452 1680 1804">
    <p class='ocr_par' dir='ltr' id='par_1_2' title="bbox 362 452 1662 1152">
     <span class='ocr_line' id='line_1_2' title="bbox 364 452 1612 539; baseline 0.002 -21"><span class='ocrx_word' id='word_1_2' title='bbox 364 452 450 534; x_wconf 91' lang='lat' dir='ltr'><strong>puli:</strong></span> <span class='ocrx_word' id='word_1_3' title='bbox 485 455 520 518; x_wconf 91' lang='lat' dir='ltr'><strong>et</strong></span> <span class='ocrx_word' id='word_1_4' title='bbox 548 471 701 519; x_wconf 88' lang='lat' dir='ltr'><strong>numerus</strong></span> <span class='ocrx_word' id='word_1_5' title='bbox 734 453 935 520; x_wconf 90' lang='lat' dir='ltr'><strong>credentium</strong></span> <span class='ocrx_word' id='word_1_6' title='bbox 964 453 1146 539; x_wconf 76' lang='lat' dir='ltr'><strong>augebatur</strong></span> <span class='ocrx_word' id='word_1_7' title='bbox 1178 453 1292 522; x_wconf 89' lang='lat' dir='ltr'><strong>indies.</strong></span> <span class='ocrx_word' id='word_1_8' title='bbox 1347 453 1612 537; x_wconf 79' lang='lat' dir='ltr'><strong>Eliringebantur</strong></span> 
     </span>
     <span class='ocr_line' id='line_1_3' title="bbox 364 558 1611 628; baseline 0.002 -5"><span class='ocrx_word' id='word_1_9' title='bbox 364 561 489 624; x_wconf 89' lang='lat' dir='ltr'><strong>statue:</strong></span> <span class='ocrx_word' id='word_1_10' title='bbox 524 558 773 626; x_wconf 82' lang='lat' dir='ltr'><strong>succidebantur</strong></span> <span class='ocrx_word' id='word_1_11' title='bbox 807 559 880 625; x_wconf 92' lang='lat' dir='ltr'><strong>luci.</strong></span> <span class='ocrx_word' id='word_1_12' title='bbox 916 561 1151 628; x_wconf 90' lang='lat' dir='ltr'><strong>auertebantur</strong></span> <span class='ocrx_word' id='word_1_13' title='bbox 1184 562 1335 628; x_wconf 89' lang='lat' dir='ltr'><strong>delubra:</strong></span> <span class='ocrx_word' id='word_1_14' title='bbox 1376 560 1611 626; x_wconf 77' lang='lat' dir='ltr'><strong>ordinabantur</strong></span> 
     </span>
     <span class='ocr_line' id='line_1_4' title="bbox 365 662 1611 748; baseline 0.001 -19"><span class='ocrx_word' id='word_1_15' title='bbox 365 662 567 729; x_wconf 81' lang='lat' dir='ltr'><strong>sacerdotes:</strong></span> <span class='ocrx_word' id='word_1_16' title='bbox 597 662 840 730; x_wconf 84' lang='lat' dir='ltr'><strong>fabricabantur</strong></span> <span class='ocrx_word' id='word_1_17' title='bbox 863 666 1015 734; x_wconf 92' lang='lat' dir='ltr'><strong>ecclesie:</strong></span> <span class='ocrx_word' id='word_1_18' title='bbox 1044 663 1224 733; x_wconf 84' lang='lat' dir='ltr'><strong>offerebant</strong></span> <span class='ocrx_word' id='word_1_19' title='bbox 1246 667 1383 733; x_wconf 88' lang='lat' dir='ltr'><strong>donaria</strong></span> <span class='ocrx_word' id='word_1_20' title='bbox 1403 665 1515 748; x_wconf 92' lang='lat' dir='ltr'><strong>populi</strong></span> <span class='ocrx_word' id='word_1_21' title='bbox 1537 683 1611 730; x_wconf 87' lang='lat' dir='ltr'><strong>cunr</strong></span> 
     </span>
     <span class='ocr_line' id='line_1_5' title="bbox 365 767 1610 856; baseline 0.004 -24"><span class='ocrx_word' id='word_1_22' title='bbox 365 767 540 835; x_wconf 91' lang='lat' dir='ltr'><strong>deuotione</strong></span> <span class='ocrx_word' id='word_1_23' title='bbox 563 774 598 834; x_wconf 91' lang='lat' dir='ltr'><strong>et</strong></span> <span class='ocrx_word' id='word_1_24' title='bbox 620 769 800 836; x_wconf 86' lang='lat' dir='ltr'><strong>alacritate.</strong></span> <span class='ocrx_word' id='word_1_25' title='bbox 835 770 1085 838; x_wconf 89' lang='lat' dir='ltr'><strong>Erubescebant</strong></span> <span class='ocrx_word' id='word_1_26' title='bbox 1102 771 1272 856; x_wconf 81' lang='lat' dir='ltr'><strong>ydolorum</strong></span> <span class='ocrx_word' id='word_1_27' title='bbox 1294 773 1452 839; x_wconf 88' lang='lat' dir='ltr'><strong>cultores:</strong></span> <span class='ocrx_word' id='word_1_28' title='bbox 1477 769 1610 837; x_wconf 87' lang='lat' dir='ltr'><strong>coniun-</strong></span> 
     </span>
     <span class='ocr_line' id='line_1_6' title="bbox 364 871 1662 959; baseline 0.004 -22"><span class='ocrx_word' id='word_1_29' title='bbox 364 871 525 939; x_wconf 90' lang='lat' dir='ltr'><strong>debantur</strong></span> <span class='ocrx_word' id='word_1_30' title='bbox 554 871 746 940; x_wconf 88' lang='lat' dir='ltr'><strong>confitentes</strong></span> <span class='ocrx_word' id='word_1_31' title='bbox 770 875 801 940; x_wconf 92' lang='lat' dir='ltr'><strong>in</strong></span> <span class='ocrx_word' id='word_1_32' title='bbox 826 876 985 959; x_wconf 84' lang='lat' dir='ltr'><strong>sculptili:</strong></span> <span class='ocrx_word' id='word_1_33' title='bbox 1014 877 1102 943; x_wconf 90' lang='lat' dir='ltr'><strong>etin</strong></span> <span class='ocrx_word' id='word_1_34' title='bbox 1126 877 1236 943; x_wconf 89' lang='lat' dir='ltr'><strong>multis</strong></span> <span class='ocrx_word' id='word_1_35' title='bbox 1259 877 1403 959; x_wconf 83' lang='lat' dir='ltr'><strong>regionis</strong></span> <span class='ocrx_word' id='word_1_36' title='bbox 1425 875 1513 941; x_wconf 92' lang='lat' dir='ltr'><strong>illius</strong></span> <span class='ocrx_word' id='word_1_37' title='bbox 1532 894 1608 958; x_wconf 92' lang='lat' dir='ltr'><strong>par·</strong></span> <span class='ocrx_word' id='word_1_38' title='bbox 1648 891 1662 932; x_wconf 84' lang='lat'>⁵</span> 
     </span>
     <span class='ocr_line' id='line_1_7' title="bbox 362 977 1611 1064; baseline 0.002 -20"><span class='ocrx_word' id='word_1_39' title='bbox 362 978 451 1045; x_wconf 89' lang='lat' dir='ltr'><strong>tibus</strong></span> <span class='ocrx_word' id='word_1_40' title='bbox 482 977 661 1046; x_wconf 88' lang='lat' dir='ltr'><strong>infidelium</strong></span> <span class='ocrx_word' id='word_1_41' title='bbox 690 981 850 1064; x_wconf 89' lang='lat' dir='ltr'><strong>depressa</strong></span> <span class='ocrx_word' id='word_1_42' title='bbox 874 982 1090 1049; x_wconf 90' lang='lat' dir='ltr'><strong>multitudine.</strong></span> <span class='ocrx_word' id='word_1_43' title='bbox 1122 983 1228 1049; x_wconf 90' lang='lat' dir='ltr'><strong>omnis</strong></span> <span class='ocrx_word' id='word_1_44' title='bbox 1257 983 1413 1064; x_wconf 87' lang='lat' dir='ltr'><strong>iniquitas</strong></span> <span class='ocrx_word' id='word_1_45' title='bbox 1441 979 1611 1063; x_wconf 89' lang='lat' dir='ltr'><strong>oppilabat</strong></span> 
     </span>
     <span class='ocr_line' id='line_1_8' title="bbox 363 1103 529 1152; baseline 0.012 -2"><span class='ocrx_word' id='word_1_46' title='bbox 363 1103 529 1152; x_wconf 89' lang='lat' dir='ltr'><strong>ossuum.</strong></span> 
     </span>
    </p>

    <p class='ocr_par' dir='ltr' id='par_1_3' title="bbox 447 1197 810 1277">
     <span class='ocr_line' id='line_1_9' title="bbox 447 1197 810 1277; baseline 0.008 -20"><span class='ocrx_word' id='word_1_47' title='bbox 447 1197 531 1276; x_wconf 81' lang='lat' dir='ltr'><strong>Reap.</strong></span> <span class='ocrx_word' id='word_1_48' title='bbox 575 1199 727 1277; x_wconf 80' lang='lat' dir='ltr'><strong>Egregius</strong></span> <span class='ocrx_word' id='word_1_49' title='bbox 751 1205 810 1261; x_wconf 73' lang='lat' dir='ltr'><strong>otc,</strong></span> 
     </span>
    </p>

    <p class='ocr_par' dir='ltr' id='par_1_4' title="bbox 446 1304 908 1366">
     <span class='ocr_line' id='line_1_10' title="bbox 446 1304 908 1366; baseline 0.009 -4"><span class='ocrx_word' id='word_1_50' title='bbox 446 1323 514 1364; x_wconf 62' lang='lat' dir='ltr'><strong>uma.</strong></span> <span class='ocrx_word' id='word_1_51' title='bbox 558 1304 593 1362; x_wconf 89' lang='lat' dir='ltr'><strong>In</strong></span> <span class='ocrx_word' id='word_1_52' title='bbox 616 1308 826 1366; x_wconf 82' lang='lat' dir='ltr'><strong>ammiratione</strong></span> <span class='ocrx_word' id='word_1_53' title='bbox 850 1311 908 1366; x_wconf 88' lang='lat' dir='ltr'><strong>etc.</strong></span> 
     </span>
    </p>

    <p class='ocr_par' dir='ltr' id='par_1_5' title="bbox 362 1400 1680 1804">
     <span class='ocr_line' id='line_1_11' title="bbox 447 1400 1680 1486; baseline 0.002 -21"><span class='ocrx_word' id='word_1_54' title='bbox 447 1400 556 1467; x_wconf 80' lang='lat' dir='ltr'><strong>Lectio</strong></span> <span class='ocrx_word' id='word_1_55' title='bbox 577 1404 622 1469; x_wconf 73' lang='lat' dir='ltr'><strong>irc.</strong></span> <span class='ocrx_word' id='word_1_56' title='bbox 665 1403 738 1468; x_wconf 92' lang='lat' dir='ltr'><strong>Non</strong></span> <span class='ocrx_word' id='word_1_57' title='bbox 766 1404 919 1471; x_wconf 89' lang='lat' dir='ltr'><strong>cessabat</strong></span> <span class='ocrx_word' id='word_1_58' title='bbox 948 1409 1056 1472; x_wconf 89' lang='lat' dir='ltr'><strong>autem</strong></span> <span class='ocrx_word' id='word_1_59' title='bbox 1079 1404 1264 1472; x_wconf 86' lang='lat' dir='ltr'><strong>indefessus</strong></span> <span class='ocrx_word' id='word_1_60' title='bbox 1299 1404 1460 1486; x_wconf 87' lang='lat' dir='ltr'><strong>euangelij</strong></span> <span class='ocrx_word' id='word_1_61' title='bbox 1495 1405 1606 1486; x_wconf 90' lang='lat' dir='ltr'><strong>predi·</strong></span> <span class='ocrx_word' id='word_1_62' title='bbox 1647 1423 1680 1467; x_wconf 89' lang='lat' dir='ltr'><strong>ro</strong></span> 
     </span>
     <span class='ocr_line' id='line_1_12' title="bbox 363 1507 1609 1577; baseline 0.004 -5"><span class='ocrx_word' id='word_1_63' title='bbox 363 1510 454 1572; x_wconf 89' lang='lat' dir='ltr'><strong>cator</strong></span> <span class='ocrx_word' id='word_1_64' title='bbox 476 1507 661 1574; x_wconf 90' lang='lat' dir='ltr'><strong>obstinatos</strong></span> <span class='ocrx_word' id='word_1_65' title='bbox 686 1509 896 1576; x_wconf 89' lang='lat' dir='ltr'><strong>conuincere:</strong></span> <span class='ocrx_word' id='word_1_66' title='bbox 919 1511 1017 1576; x_wconf 90' lang='lat' dir='ltr'><strong>rudes</strong></span> <span class='ocrx_word' id='word_1_67' title='bbox 1033 1511 1215 1577; x_wconf 91' lang='lat' dir='ltr'><strong>instruere:</strong></span> <span class='ocrx_word' id='word_1_68' title='bbox 1238 1511 1269 1576; x_wconf 91' lang='lat' dir='ltr'><strong>in</strong></span> <span class='ocrx_word' id='word_1_69' title='bbox 1292 1508 1356 1577; x_wconf 90' lang='lat' dir='ltr'><strong>fide</strong></span> <span class='ocrx_word' id='word_1_70' title='bbox 1380 1516 1512 1577; x_wconf 88' lang='lat' dir='ltr'><strong>teneros</strong></span> <span class='ocrx_word' id='word_1_71' title='bbox 1534 1529 1609 1577; x_wconf 91' lang='lat' dir='ltr'><strong>con·</strong></span> 
     </span>
     <span class='ocr_line' id='line_1_13' title="bbox 362 1613 1610 1698; baseline 0.003 -20"><span class='ocrx_word' id='word_1_72' title='bbox 362 1613 502 1680; x_wconf 85' lang='lat' dir='ltr'><strong>firmare.</strong></span> <span class='ocrx_word' id='word_1_73' title='bbox 557 1613 645 1679; x_wconf 90' lang='lat' dir='ltr'><strong>Nihil</strong></span> <span class='ocrx_word' id='word_1_74' title='bbox 678 1614 758 1696; x_wconf 82' lang='lat' dir='ltr'><strong>regij</strong></span> <span class='ocrx_word' id='word_1_75' title='bbox 793 1613 907 1682; x_wconf 89' lang='lat' dir='ltr'><strong>iastus.</strong></span> <span class='ocrx_word' id='word_1_76' title='bbox 942 1615 1022 1682; x_wconf 91' lang='lat' dir='ltr'><strong>nihil</strong></span> <span class='ocrx_word' id='word_1_77' title='bbox 1056 1615 1237 1698; x_wconf 82' lang='lat' dir='ltr'><strong>tyrannidis</strong></span> <span class='ocrx_word' id='word_1_78' title='bbox 1267 1615 1298 1679; x_wconf 90' lang='lat' dir='ltr'><strong>in</strong></span> <span class='ocrx_word' id='word_1_79' title='bbox 1328 1632 1406 1680; x_wconf 92' lang='lat' dir='ltr'><strong>suos</strong></span> <span class='ocrx_word' id='word_1_80' title='bbox 1436 1616 1610 1682; x_wconf 83' lang='lat' dir='ltr'><strong>exercebat</strong></span> 
     </span>
     <span class='ocr_line' id='line_1_14' title="bbox 363 1718 1607 1804; baseline 0.003 -20"><span class='ocrx_word' id='word_1_81' title='bbox 363 1719 529 1784; x_wconf 90' lang='lat' dir='ltr'><strong>subditos:</strong></span> <span class='ocrx_word' id='word_1_82' title='bbox 559 1718 709 1784; x_wconf 89' lang='lat' dir='ltr'><strong>omnibus</strong></span> <span class='ocrx_word' id='word_1_83' title='bbox 739 1725 848 1785; x_wconf 90' lang='lat' dir='ltr'><strong>autem</strong></span> <span class='ocrx_word' id='word_1_84' title='bbox 879 1720 1027 1803; x_wconf 81' lang='lat' dir='ltr'><strong>exempla</strong></span> <span class='ocrx_word' id='word_1_85' title='bbox 1055 1721 1217 1804; x_wconf 89' lang='lat' dir='ltr'><strong>prebebat</strong></span> <span class='ocrx_word' id='word_1_86' title='bbox 1244 1718 1438 1786; x_wconf 91' lang='lat' dir='ltr'><strong>humilitatis</strong></span> <span class='ocrx_word' id='word_1_87' title='bbox 1464 1725 1497 1787; x_wconf 93' lang='lat' dir='ltr'><strong>et</strong></span> <span class='ocrx_word' id='word_1_88' title='bbox 1517 1739 1607 1788; x_wconf 88' lang='lat' dir='ltr'><strong>man-</strong></span> 
     </span>
    </p>
   </div>
   <div class='ocr_carea' id='block_1_3' title="bbox 972 1251 1261 1331">
    <p class='ocr_par' dir='ltr' id='par_1_6' title="bbox 972 1251 1261 1331">
     <span class='ocr_line' id='line_1_15' title="bbox 972 1251 1261 1331; baseline -0.014 -31"><span class='ocrx_word' id='word_1_89' title='bbox 972 1276 1009 1300; x_wconf 78' lang='lat'>=</span> <span class='ocrx_word' id='word_1_90' title='bbox 1034 1273 1064 1331; x_wconf 73' lang='lat' dir='ltr'><strong>p,</strong></span> <span class='ocrx_word' id='word_1_91' title='bbox 1089 1251 1261 1314; x_wconf 68' lang='lat' dir='ltr'><strong>paam-ar,</strong></span> 
     </span>
    </p>
   </div>
   <div class='ocr_carea' id='block_1_4' title="bbox 358 1823 1679 3156">
    <p class='ocr_par' dir='ltr' id='par_1_7' title="bbox 358 1823 1679 3156">
     <span class='ocr_line' id='line_1_16' title="bbox 363 1823 1608 1909; baseline 0.002 -20"><span class='ocrx_word' id='word_1_92' title='bbox 363 1823 554 1890; x_wconf 89' lang='lat' dir='ltr'><strong>suetudinis.</strong></span> <span class='ocrx_word' id='word_1_93' title='bbox 589 1823 789 1892; x_wconf 91' lang='lat' dir='ltr'><strong>Prouidebat</strong></span> <span class='ocrx_word' id='word_1_94' title='bbox 807 1826 904 1891; x_wconf 89' lang='lat' dir='ltr'><strong>etiarn</strong></span> <span class='ocrx_word' id='word_1_95' title='bbox 925 1845 965 1892; x_wconf 91' lang='lat' dir='ltr'><strong>ne</strong></span> <span class='ocrx_word' id='word_1_96' title='bbox 984 1825 1109 1891; x_wconf 92' lang='lat' dir='ltr'><strong>nobiles</strong></span> <span class='ocrx_word' id='word_1_97' title='bbox 1127 1829 1161 1892; x_wconf 91' lang='lat' dir='ltr'><strong>et</strong></span> <span class='ocrx_word' id='word_1_98' title='bbox 1182 1827 1395 1909; x_wconf 89' lang='lat' dir='ltr'><strong>potentiores.</strong></span> <span class='ocrx_word' id='word_1_99' title='bbox 1418 1826 1608 1892; x_wconf 88' lang='lat' dir='ltr'><strong>humiliores</strong></span> 
     </span>
     <span class='ocr_line' id='line_1_17' title="bbox 361 1929 1679 2012; baseline 0.001 -17"><span class='ocrx_word' id='word_1_100' title='bbox 361 1930 624 2012; x_wconf 88' lang='lat' dir='ltr'><strong>perpotentiam</strong></span> <span class='ocrx_word' id='word_1_101' title='bbox 647 1929 884 2011; x_wconf 85' lang='lat' dir='ltr'><strong>opprimerent:</strong></span> <span class='ocrx_word' id='word_1_102' title='bbox 912 1929 1003 2012; x_wconf 78' lang='lat' dir='ltr'><strong>leges</strong></span> <span class='ocrx_word' id='word_1_103' title='bbox 1028 1930 1155 1997; x_wconf 90' lang='lat' dir='ltr'><strong>diuinas</strong></span> <span class='ocrx_word' id='word_1_104' title='bbox 1179 1937 1212 1997; x_wconf 89' lang='lat' dir='ltr'><strong>et</strong></span> <span class='ocrx_word' id='word_1_105' title='bbox 1234 1931 1393 1996; x_wconf 91' lang='lat' dir='ltr'><strong>humanas</strong></span> <span class='ocrx_word' id='word_1_106' title='bbox 1416 1931 1499 1995; x_wconf 91' lang='lat' dir='ltr'><strong>mira</strong></span> <span class='ocrx_word' id='word_1_107' title='bbox 1521 1931 1607 2012; x_wconf 88' lang='lat' dir='ltr'><strong>sapi·</strong></span> <span class='ocrx_word' id='word_1_108' title='bbox 1647 1945 1679 1990; x_wconf 84' lang='lat'><strong>1⁵</strong></span> 
     </span>
     <span class='ocr_line' id='line_1_18' title="bbox 363 2033 1606 2118; baseline -0.001 -17"><span class='ocrx_word' id='word_1_109' title='bbox 363 2035 451 2101; x_wconf 89' lang='lat' dir='ltr'><strong>entia</strong></span> <span class='ocrx_word' id='word_1_110' title='bbox 474 2040 508 2100; x_wconf 88' lang='lat' dir='ltr'><strong>et</strong></span> <span class='ocrx_word' id='word_1_111' title='bbox 536 2033 734 2101; x_wconf 86' lang='lat' dir='ltr'><strong>discretione</strong></span> <span class='ocrx_word' id='word_1_112' title='bbox 758 2035 958 2117; x_wconf 89' lang='lat' dir='ltr'><strong>compositas</strong></span> <span class='ocrx_word' id='word_1_113' title='bbox 986 2035 1135 2118; x_wconf 86' lang='lat' dir='ltr'><strong>scripsit:</strong></span> <span class='ocrx_word' id='word_1_114' title='bbox 1164 2041 1198 2100; x_wconf 91' lang='lat' dir='ltr'><strong>et</strong></span> <span class='ocrx_word' id='word_1_115' title='bbox 1219 2036 1456 2118; x_wconf 83' lang='lat' dir='ltr'><strong>promulgauit:</strong></span> <span class='ocrx_word' id='word_1_116' title='bbox 1479 2037 1510 2100; x_wconf 93' lang='lat' dir='ltr'><strong>in</strong></span> <span class='ocrx_word' id='word_1_117' title='bbox 1535 2035 1606 2117; x_wconf 90' lang='lat' dir='ltr'><strong>qui·</strong></span> 
     </span>
     <span class='ocr_line' id='line_1_19' title="bbox 361 2140 1608 2223; baseline 0 -17"><span class='ocrx_word' id='word_1_118' title='bbox 361 2141 423 2206; x_wconf 92' lang='lat' dir='ltr'><strong>bus</strong></span> <span class='ocrx_word' id='word_1_119' title='bbox 446 2140 497 2206; x_wconf 89' lang='lat' dir='ltr'><strong>ius</strong></span> <span class='ocrx_word' id='word_1_120' title='bbox 517 2158 611 2205; x_wconf 89' lang='lat' dir='ltr'><strong>suum</strong></span> <span class='ocrx_word' id='word_1_121' title='bbox 631 2140 820 2221; x_wconf 75' lang='lat' dir='ltr'><strong>assignauit.</strong></span> <span class='ocrx_word' id='word_1_122' title='bbox 839 2147 994 2223; x_wconf 90' lang='lat' dir='ltr'><strong>quantum</strong></span> <span class='ocrx_word' id='word_1_123' title='bbox 1014 2141 1112 2207; x_wconf 90' lang='lat' dir='ltr'><strong>etiam</strong></span> <span class='ocrx_word' id='word_1_124' title='bbox 1132 2140 1248 2206; x_wconf 89' lang='lat' dir='ltr'><strong>liceret</strong></span> <span class='ocrx_word' id='word_1_125' title='bbox 1258 2141 1394 2223; x_wconf 91' lang='lat' dir='ltr'><strong>prelatis</strong></span> <span class='ocrx_word' id='word_1_126' title='bbox 1409 2141 1442 2205; x_wconf 95' lang='lat' dir='ltr'><strong>in</strong></span> <span class='ocrx_word' id='word_1_127' title='bbox 1456 2141 1608 2206; x_wconf 88' lang='lat' dir='ltr'><strong>subditos</strong></span> 
     </span>
     <span class='ocr_line' id='line_1_20' title="bbox 363 2244 1608 2328; baseline -0.002 -16"><span class='ocrx_word' id='word_1_128' title='bbox 363 2251 397 2312; x_wconf 93' lang='lat' dir='ltr'><strong>et</strong></span> <span class='ocrx_word' id='word_1_129' title='bbox 426 2250 578 2328; x_wconf 87' lang='lat' dir='ltr'><strong>quantam</strong></span> <span class='ocrx_word' id='word_1_130' title='bbox 607 2245 730 2312; x_wconf 90' lang='lat' dir='ltr'><strong>subditi</strong></span> <span class='ocrx_word' id='word_1_131' title='bbox 760 2246 977 2312; x_wconf 88' lang='lat' dir='ltr'><strong>reuerentiam</strong></span> <span class='ocrx_word' id='word_1_132' title='bbox 1008 2244 1201 2312; x_wconf 84' lang='lat' dir='ltr'><strong>exhiberent</strong></span> <span class='ocrx_word' id='word_1_133' title='bbox 1227 2265 1304 2328; x_wconf 81' lang='lat' dir='ltr'><strong>erga</strong></span> <span class='ocrx_word' id='word_1_134' title='bbox 1330 2246 1485 2327; x_wconf 87' lang='lat' dir='ltr'><strong>prelatos.</strong></span> <span class='ocrx_word' id='word_1_135' title='bbox 1508 2245 1608 2311; x_wconf 88' lang='lat' dir='ltr'><strong>certis</strong></span> 
     </span>
     <span class='ocr_line' id='line_1_21' title="bbox 360 2350 1605 2435; baseline -0.001 -19"><span class='ocrx_word' id='word_1_136' title='bbox 360 2350 518 2417; x_wconf 89' lang='lat' dir='ltr'><strong>limitibus</strong></span> <span class='ocrx_word' id='word_1_137' title='bbox 541 2351 711 2418; x_wconf 91' lang='lat' dir='ltr'><strong>discreuit:</strong></span> <span class='ocrx_word' id='word_1_138' title='bbox 735 2357 890 2433; x_wconf 86' lang='lat' dir='ltr'><strong>tanquam</strong></span> <span class='ocrx_word' id='word_1_139' title='bbox 909 2351 1168 2418; x_wconf 88' lang='lat' dir='ltr'><strong>modestissimus</strong></span> <span class='ocrx_word' id='word_1_140' title='bbox 1193 2357 1227 2418; x_wconf 91' lang='lat' dir='ltr'><strong>et</strong></span> <span class='ocrx_word' id='word_1_141' title='bbox 1244 2351 1443 2435; x_wconf 87' lang='lat' dir='ltr'><strong>equissimus</strong></span> <span class='ocrx_word' id='word_1_142' title='bbox 1469 2350 1605 2416; x_wconf 88' lang='lat' dir='ltr'><strong>arbiter:</strong></span> 
     </span>
     <span class='ocr_line' id='line_1_22' title="bbox 360 2454 1679 2542; baseline -0.002 -19"><span class='ocrx_word' id='word_1_143' title='bbox 360 2457 570 2523; x_wconf 87' lang='lat' dir='ltr'><strong>considerans</strong></span> <span class='ocrx_word' id='word_1_144' title='bbox 583 2457 773 2540; x_wconf 90' lang='lat' dir='ltr'><strong>plerumque</strong></span> <span class='ocrx_word' id='word_1_145' title='bbox 791 2475 894 2542; x_wconf 84' lang='lat' dir='ltr'><strong>reges.</strong></span> <span class='ocrx_word' id='word_1_146' title='bbox 915 2462 1081 2539; x_wconf 88' lang='lat' dir='ltr'><strong>potestate</strong></span> <span class='ocrx_word' id='word_1_147' title='bbox 1098 2459 1160 2524; x_wconf 87' lang='lat' dir='ltr'><strong>sibi</strong></span> <span class='ocrx_word' id='word_1_148' title='bbox 1180 2475 1335 2524; x_wconf 89' lang='lat' dir='ltr'><strong>concessa</strong></span> <span class='ocrx_word' id='word_1_149' title='bbox 1347 2455 1489 2539; x_wconf 89' lang='lat' dir='ltr'><strong>superbe</strong></span> <span class='ocrx_word' id='word_1_150' title='bbox 1512 2454 1603 2522; x_wconf 89' lang='lat' dir='ltr'><strong>abuti</strong></span> <span class='ocrx_word' id='word_1_151' title='bbox 1643 2467 1679 2512; x_wconf 78' lang='lat'><strong>²0</strong></span> 
     </span>
     <span class='ocr_line' id='line_1_23' title="bbox 359 2561 1605 2644; baseline -0.001 -17"><span class='ocrx_word' id='word_1_152' title='bbox 359 2563 393 2628; x_wconf 92' lang='lat' dir='ltr'><strong>in</strong></span> <span class='ocrx_word' id='word_1_153' title='bbox 420 2561 586 2628; x_wconf 89' lang='lat' dir='ltr'><strong>subditos:</strong></span> <span class='ocrx_word' id='word_1_154' title='bbox 614 2561 722 2644; x_wconf 84' lang='lat' dir='ltr'><strong>legum</strong></span> <span class='ocrx_word' id='word_1_155' title='bbox 750 2563 867 2644; x_wconf 86' lang='lat' dir='ltr'><strong>rigore.</strong></span> <span class='ocrx_word' id='word_1_156' title='bbox 898 2563 1042 2644; x_wconf 85' lang='lat' dir='ltr'><strong>regalem</strong></span> <span class='ocrx_word' id='word_1_157' title='bbox 1072 2565 1216 2630; x_wconf 90' lang='lat' dir='ltr'><strong>coercuit</strong></span> <span class='ocrx_word' id='word_1_158' title='bbox 1244 2583 1281 2629; x_wconf 90' lang='lat' dir='ltr'><strong>ao</strong></span> <span class='ocrx_word' id='word_1_159' title='bbox 1304 2561 1484 2628; x_wconf 90' lang='lat' dir='ltr'><strong>reirenauit</strong></span> <span class='ocrx_word' id='word_1_160' title='bbox 1505 2561 1605 2626; x_wconf 89' lang='lat' dir='ltr'><strong>licen·</strong></span> 
     </span>
     <span class='ocr_line' id='line_1_24' title="bbox 358 2666 1605 2752; baseline -0.001 -20"><span class='ocrx_word' id='word_1_161' title='bbox 358 2667 447 2734; x_wconf 92' lang='lat' dir='ltr'><strong>tiam.</strong></span> <span class='ocrx_word' id='word_1_162' title='bbox 491 2666 527 2732; x_wconf 92' lang='lat' dir='ltr'><strong>lu</strong></span> <span class='ocrx_word' id='word_1_163' title='bbox 550 2666 601 2732; x_wconf 88' lang='lat' dir='ltr'><strong>his</strong></span> <span class='ocrx_word' id='word_1_164' title='bbox 630 2667 729 2748; x_wconf 83' lang='lat' dir='ltr'><strong>igitur</strong></span> <span class='ocrx_word' id='word_1_165' title='bbox 757 2666 883 2749; x_wconf 81' lang='lat' dir='ltr'><strong>legibus</strong></span> <span class='ocrx_word' id='word_1_166' title='bbox 907 2669 988 2733; x_wconf 89' lang='lat' dir='ltr'><strong>satis</strong></span> <span class='ocrx_word' id='word_1_167' title='bbox 1013 2670 1116 2736; x_wconf 88' lang='lat' dir='ltr'><strong>claret</strong></span> <span class='ocrx_word' id='word_1_168' title='bbox 1138 2688 1234 2752; x_wconf 90' lang='lat' dir='ltr'><strong>quarn</strong></span> <span class='ocrx_word' id='word_1_169' title='bbox 1258 2668 1408 2734; x_wconf 87' lang='lat' dir='ltr'><strong>solicitus</strong></span> <span class='ocrx_word' id='word_1_170' title='bbox 1431 2685 1508 2748; x_wconf 86' lang='lat' dir='ltr'><strong>erga</strong></span> <span class='ocrx_word' id='word_1_171' title='bbox 1528 2667 1605 2732; x_wconf 91' lang='lat' dir='ltr'><strong>reli·</strong></span> 
     </span>
     <span class='ocr_line' id='line_1_25' title="bbox 359 2771 1604 2856; baseline 0 -18"><span class='ocrx_word' id='word_1_172' title='bbox 359 2773 498 2854; x_wconf 63' lang='lat' dir='ltr'><strong>monem.</strong></span> <span class='ocrx_word' id='word_1_173' title='bbox 523 2791 618 2854; x_wconf 86' lang='lat' dir='ltr'><strong>quam</strong></span> <span class='ocrx_word' id='word_1_174' title='bbox 638 2771 799 2854; x_wconf 84' lang='lat' dir='ltr'><strong>benignus</strong></span> <span class='ocrx_word' id='word_1_175' title='bbox 824 2791 900 2854; x_wconf 78' lang='lat' dir='ltr'><strong>erga</strong></span> <span class='ocrx_word' id='word_1_176' title='bbox 918 2774 1096 2856; x_wconf 85' lang='lat' dir='ltr'><strong>proximum</strong></span> <span class='ocrx_word' id='word_1_177' title='bbox 1115 2793 1172 2840; x_wconf 84' lang='lat' dir='ltr'><strong>rex</strong></span> <span class='ocrx_word' id='word_1_178' title='bbox 1189 2775 1253 2841; x_wconf 91' lang='lat' dir='ltr'><strong>iste</strong></span> <span class='ocrx_word' id='word_1_179' title='bbox 1265 2772 1428 2854; x_wconf 84' lang='lat' dir='ltr'><strong>gloriosus</strong></span> <span class='ocrx_word' id='word_1_180' title='bbox 1450 2771 1604 2838; x_wconf 86' lang='lat' dir='ltr'><strong>extiterit.</strong></span> 
     </span>
     <span class='ocr_line' id='line_1_26' title="bbox 445 2885 1196 2996; baseline -0.001 -51"><span class='ocrx_word' id='word_1_181' title='bbox 445 2887 529 2962; x_wconf 78' lang='lat' dir='ltr'><strong>Resp.</strong></span> <span class='ocrx_word' id='word_1_182' title='bbox 574 2885 638 2944; x_wconf 86' lang='lat' dir='ltr'><strong>Rex</strong></span> <span class='ocrx_word' id='word_1_183' title='bbox 659 2885 784 2945; x_wconf 87' lang='lat' dir='ltr'><strong>inclitus</strong></span> <span class='ocrx_word' id='word_1_184' title='bbox 809 2892 866 2944; x_wconf 88' lang='lat' dir='ltr'><strong>etc.</strong></span> <span class='ocrx_word' id='word_1_185' title='bbox 917 2958 956 2970; x_wconf 62' lang='grc'>-</span> <span class='ocrx_word' id='word_1_186' title='bbox 1033 2933 1196 2996; x_wconf 73' lang='lat'><strong>236³³·³⁸</strong></span> 
     </span>
     <span class='ocr_line' id='line_1_27' title="bbox 446 2897 1206 3052; baseline 0.005 -4"><span class='ocrx_word' id='word_1_187' title='bbox 446 3009 514 3050; x_wconf 82' lang='lat' dir='ltr'><strong>vera.</strong></span> <span class='ocrx_word' id='word_1_188' title='bbox 558 2989 656 3050; x_wconf 87' lang='lat' dir='ltr'><strong>Felici</strong></span> <span class='ocrx_word' id='word_1_189' title='bbox 679 2996 738 3050; x_wconf 86' lang='lat' dir='ltr'><strong>etc.</strong></span> <span class='ocrx_word' id='word_1_190' title='bbox 877 2897 890 3052; x_wconf 51' lang='grc' dir='ltr'>ἓ</span> <span class='ocrx_word' id='word_1_191' title='bbox 918 2973 956 2982; x_wconf 59' lang='grc'><em>“</em></span> <span class='ocrx_word' id='word_1_192' title='bbox 978 2956 1010 3013; x_wconf 73' lang='grc' dir='ltr'><strong>Ρ’</strong></span> <span class='ocrx_word' id='word_1_193' title='bbox 1199 2982 1206 2995; x_wconf 75' lang='grc'><strong>”</strong></span> 
     </span>
     <span class='ocr_line' id='line_1_28' title="bbox 446 3094 688 3156; baseline 0.004 -3"><span class='ocrx_word' id='word_1_194' title='bbox 446 3115 514 3154; x_wconf 81' lang='lat' dir='ltr'><strong>ocra.</strong></span> <span class='ocrx_word' id='word_1_195' title='bbox 560 3094 688 3156; x_wconf 87' lang='lat' dir='ltr'><strong>Corona.</strong></span> 
     </span>
    </p>
   </div>
   <div class='ocr_carea' id='block_1_5' title="bbox 1645 2989 1678 3036">
    <p class='ocr_par' dir='ltr' id='par_1_8' title="bbox 1645 2989 1678 3036">
     <span class='ocr_line' id='line_1_29' title="bbox 1645 2989 1678 3036; baseline -0.091 0"><span class='ocrx_word' id='word_1_196' title='bbox 1645 2989 1678 3036; x_wconf 77' lang='grc'><strong>25</strong></span> 
     </span>
    </p>
   </div>
   <div class='ocr_carea' id='block_1_6' title="bbox 912 3236 1049 3306">
    <p class='ocr_par' dir='ltr' id='par_1_9' title="bbox 912 3236 1049 3306">
     <span class='ocr_line' id='line_1_30' title="bbox 912 3236 1049 3306; baseline 0.036 -5"><span class='ocrx_word' id='word_1_197' title='bbox 912 3236 1049 3306; x_wconf 80' lang='lat' dir='ltr'><strong>Laudas.</strong></span> 
     </span>
    </p>
   </div>
   <div class='ocr_carea' id='block_1_7' title="bbox 447 3401 1269 3893">
    <p class='ocr_par' dir='ltr' id='par_1_10' title="bbox 447 3401 853 3461">
     <span class='ocr_line' id='line_1_31' title="bbox 447 3401 853 3461; baseline -0.005 -1"><span class='ocrx_word' id='word_1_198' title='bbox 447 3411 503 3460; x_wconf 85' lang='lat' dir='ltr'><strong>cut.</strong></span> <span class='ocrx_word' id='word_1_199' title='bbox 549 3401 623 3461; x_wconf 86' lang='lat' dir='ltr'><strong>Post</strong></span> <span class='ocrx_word' id='word_1_200' title='bbox 643 3406 773 3461; x_wconf 87' lang='lat' dir='ltr'><strong>mortem</strong></span> <span class='ocrx_word' id='word_1_201' title='bbox 795 3405 853 3459; x_wconf 88' lang='lat' dir='ltr'><strong>eto.</strong></span> 
     </span>
    </p>

    <p class='ocr_par' dir='ltr' id='par_1_11' title="bbox 447 3505 794 3583">
     <span class='ocr_line' id='line_1_32' title="bbox 447 3505 794 3583; baseline -0.006 -18"><span class='ocrx_word' id='word_1_202' title='bbox 447 3517 504 3566; x_wconf 83' lang='lat' dir='ltr'><strong>ant.</strong></span> <span class='ocrx_word' id='word_1_203' title='bbox 547 3505 715 3583; x_wconf 80' lang='lat' dir='ltr'><strong>implorata</strong></span> <span class='ocrx_word' id='word_1_204' title='bbox 736 3511 794 3564; x_wconf 89' lang='lat' dir='ltr'><strong>etc.</strong></span> 
     </span>
    </p>

    <p class='ocr_par' dir='ltr' id='par_1_12' title="bbox 447 3607 1269 3776">
     <span class='ocr_line' id='line_1_33' title="bbox 448 3607 1269 3686; baseline -0.005 -16"><span class='ocrx_word' id='word_1_205' title='bbox 448 3622 506 3670; x_wconf 87' lang='lat' dir='ltr'><strong>ont.</strong></span> <span class='ocrx_word' id='word_1_206' title='bbox 548 3610 597 3671; x_wconf 76' lang='lat' dir='ltr'><strong>td</strong></span> <span class='ocrx_word' id='word_1_207' title='bbox 621 3611 878 3686; x_wconf 82' lang='lat' dir='ltr'><strong>sepulcrumetc.</strong></span> <span class='ocrx_word' id='word_1_208' title='bbox 994 3631 1034 3656; x_wconf 53' lang='grc' dir='ltr'><strong>τι</strong></span> <span class='ocrx_word' id='word_1_209' title='bbox 1057 3629 1088 3686; x_wconf 91' lang='lat' dir='ltr'><strong>p.</strong></span> <span class='ocrx_word' id='word_1_210' title='bbox 1112 3607 1269 3668; x_wconf 69' lang='lat'><strong>2372‘14.</strong></span> 
     </span>
     <span class='ocr_line' id='line_1_34' title="bbox 447 3716 821 3776; baseline -0.005 0"><span class='ocrx_word' id='word_1_211' title='bbox 447 3728 504 3776; x_wconf 87' lang='lat' dir='ltr'><strong>ont.</strong></span> <span class='ocrx_word' id='word_1_212' title='bbox 547 3716 739 3775; x_wconf 80' lang='lat' dir='ltr'><strong>Adolescens</strong></span> <span class='ocrx_word' id='word_1_213' title='bbox 764 3721 821 3775; x_wconf 87' lang='lat' dir='ltr'><strong>etc.</strong></span> 
     </span>
    </p>

    <p class='ocr_par' dir='ltr' id='par_1_13' title="bbox 447 3819 928 3893">
     <span class='ocr_line' id='line_1_35' title="bbox 447 3819 928 3893; baseline -0.002 -13"><span class='ocrx_word' id='word_1_214' title='bbox 447 3831 503 3881; x_wconf 86' lang='lat' dir='ltr'><strong>ont.</strong></span> <span class='ocrx_word' id='word_1_215' title='bbox 548 3819 676 3893; x_wconf 80' lang='lat' dir='ltr'><strong>Quidam</strong></span> <span class='ocrx_word' id='word_1_216' title='bbox 701 3821 846 3880; x_wconf 85' lang='lat' dir='ltr'><strong>sacerdos</strong></span> <span class='ocrx_word' id='word_1_217' title='bbox 871 3827 928 3881; x_wconf 86' lang='lat' dir='ltr'><strong>etc.</strong></span> 
     </span>
    </p>
   </div>
   <div class='ocr_carea' id='block_1_8' title="bbox 826 3999 1137 4082">
    <p class='ocr_par' dir='ltr' id='par_1_14' title="bbox 826 3999 1137 4082">
     <span class='ocr_line' id='line_1_36' title="bbox 826 3999 1137 4082; baseline -0.013 -16"><span class='ocrx_word' id='word_1_218' title='bbox 826 3999 931 4082; x_wconf 80' lang='lat' dir='ltr'><strong>Super</strong></span> <span class='ocrx_word' id='word_1_219' title='bbox 954 4000 1137 4067; x_wconf 83' lang='lat' dir='ltr'><strong>benedictas</strong></span> 
     </span>
    </p>
   </div>
   <div class='ocr_carea' id='block_1_9' title="bbox 448 4097 1250 4220">
    <p class='ocr_par' dir='ltr' id='par_1_15' title="bbox 448 4097 1250 4220">
     <span class='ocr_line' id='line_1_37' title="bbox 448 4097 1250 4220; baseline -0.002 -20"><span class='ocrx_word' id='word_1_220' title='bbox 448 4097 516 4201; x_wconf 26' lang='lat' dir='ltr'><strong>ant..</strong></span> <span class='ocrx_word' id='word_1_221' title='bbox 549 4142 721 4218; x_wconf 89' lang='lat' dir='ltr'><strong>Imperator</strong></span> <span class='ocrx_word' id='word_1_222' title='bbox 743 4161 853 4218; x_wconf 78' lang='lat' dir='ltr'><strong>grecus</strong></span> <span class='ocrx_word' id='word_1_223' title='bbox 877 4147 935 4202; x_wconf 89' lang='lat' dir='ltr'><strong>etc.</strong></span> <span class='ocrx_word' id='word_1_224' title='bbox 960 4165 999 4188; x_wconf 92' lang='lat'>=</span> <span class='ocrx_word' id='word_1_225' title='bbox 1022 4163 1054 4220; x_wconf 89' lang='lat' dir='ltr'><strong>p.</strong></span> <span class='ocrx_word' id='word_1_226' title='bbox 1078 4138 1250 4202; x_wconf 70' lang='lat'><strong>23780—83.</strong></span> 
     </span>
    </p>
   </div>
   <div class='ocr_carea' id='block_1_10' title="bbox 447 4318 1678 4544">
    <p class='ocr_par' dir='ltr' id='par_1_16' title="bbox 447 4318 1678 4544">
     <span class='ocr_line' id='line_1_38' title="bbox 848 4318 1678 4403; baseline 0.01 -19"><span class='ocrx_word' id='word_1_227' title='bbox 848 4318 891 4385; x_wconf 82' lang='lat' dir='ltr'><strong>Ia</strong></span> <span class='ocrx_word' id='word_1_228' title='bbox 913 4320 947 4403; x_wconf 78' lang='lat' dir='ltr'><strong>ij.</strong></span> <span class='ocrx_word' id='word_1_229' title='bbox 969 4323 1119 4402; x_wconf 79' lang='lat' dir='ltr'><strong>coeperis.</strong></span> <span class='ocrx_word' id='word_1_230' title='bbox 1644 4348 1678 4394; x_wconf 86' lang='lat' dir='ltr'><strong>as</strong></span> 
     </span>
     <span class='ocr_line' id='line_1_39' title="bbox 447 4461 1603 4544; baseline 0 -20"><span class='ocrx_word' id='word_1_231' title='bbox 447 4464 536 4544; x_wconf 82' lang='lat' dir='ltr'><strong>Super</strong></span> <span class='ocrx_word' id='word_1_232' title='bbox 555 4466 707 4538; x_wconf 72' lang='lat' dir='ltr'><strong>racpnrytcar</strong></span> <span class='ocrx_word' id='word_1_233' title='bbox 727 4472 782 4522; x_wconf 86' lang='lat' dir='ltr'><strong>unt.</strong></span> <span class='ocrx_word' id='word_1_234' title='bbox 822 4461 920 4522; x_wconf 84' lang='lat' dir='ltr'><strong>Hodie</strong></span> <span class='ocrx_word' id='word_1_235' title='bbox 939 4465 1098 4539; x_wconf 90' lang='lat' dir='ltr'><strong>preciosus</strong></span> <span class='ocrx_word' id='word_1_236' title='bbox 1117 4469 1232 4540; x_wconf 82' lang='lat' dir='ltr'><strong>martyr</strong></span> <span class='ocrx_word' id='word_1_237' title='bbox 1249 4467 1307 4522; x_wconf 87' lang='lat' dir='ltr'><strong>etc.</strong></span> <span class='ocrx_word' id='word_1_238' title='bbox 1327 4485 1366 4510; x_wconf 88' lang='lat'>=</span> <span class='ocrx_word' id='word_1_239' title='bbox 1384 4485 1414 4540; x_wconf 91' lang='lat' dir='ltr'><strong>p.</strong></span> <span class='ocrx_word' id='word_1_240' title='bbox 1428 4462 1603 4524; x_wconf 75' lang='lat'>23813-15.</span> 
     </span>
    </p>
   </div>
   <div class='ocr_carea' id='block_1_11' title="bbox 881 4645 1081 4655">
    <p class='ocr_par' dir='ltr' id='par_1_17' title="bbox 881 4645 1081 4655">
     <span class='ocr_line' id='line_1_40' title="bbox 881 4645 1081 4655; baseline 0.01 -4"><span class='ocrx_word' id='word_1_241' title='bbox 881 4645 1081 4655; x_wconf 65' lang='grc' dir='ltr'><strong>,μ--ι---</strong></span> 
     </span>
    </p>
   </div>
   <div class='ocr_carea' id='block_1_12' title="bbox 0 0 1824 5342">
    <p class='ocr_par' dir='ltr' id='par_1_18' title="bbox 0 0 1824 5342">
     <span class='ocr_line' id='line_1_41' title="bbox 0 0 1824 5342; baseline 0 1"><span class='ocrx_word' id='word_1_242' title='bbox 0 0 1824 5342; x_wconf 95' lang='lat' dir='ltr'><strong> </strong></span> 
     </span>
    </p>
   </div>
  </div>
 </body>
</html>
