3668 5348
367 363 408 429 96
746 384 754 400 ·
785 363 953 422 srsnosra
978 367 1191 422 nonwnonn.

368 549 518 626 condunt,
551 549 778 630 quesitorem
814 551 929 616 eadein
957 551 988 615 vi
1020 546 1039 615 a'
1067 569 1104 617 se
1131 551 1305 632 repellunt,
1334 551 1420 616 unde
1450 557 1551 616 aestos
1574 557 1608 616 et

366 641 529 718 torrentes
560 654 810 735 voraginumque
841 656 1017 735 vertigines
1047 657 1239 721 excitantur.
1285 655 1364 720 Inde
1388 655 1486 720 etiam
1510 660 1606 721 terrm

367 763 475 824 motus
510 761 543 821 et
576 759 674 822 veriae
704 777 859 840 vaporum
885 761 1157 842 exustionomqoe
1182 760 1378 825 emissiones
1401 761 1605 841 continguas

368 863 497 945 quidem
533 868 701 927 ventorum
736 865 819 928 eninr
849 863 946 928 datus
969 867 1106 930 ter-renis
1130 865 1240 930 buccis
1263 865 1379 929 inclusi
1403 865 1477 930 dom
1502 883 1606 930 erum·

366 1071 531 1170 trepidare
555 1079 684 1153 cogunt.
741 1071 794 1138 Sic
816 1073 965 1138 nimirum
990 1075 1105 1156 spirito
1130 1079 1298 1140 ventorum
1321 1075 1496 1141 introrsum
1521 1074 1606 1158 [cum

366 1177 441 1258 igne
475 1177 700 1243 concertante2
729 1181 763 1242 et
793 1179 889 1242 ctiam
920 1178 951 1274 io
975 1179 1082 1243 medio
1105 1179 1223 1261 pelago
1254 1184 1419 1260 prerupto
1446 1179 1606 1260 profundo

365 1279 514 1363 fumigeri
554 1298 692 1364 vapores
726 1281 928 1363 sollureique
967 1284 1058 1364 ignes
1097 1284 1216 1364 emergi
1258 1290 1442 1348 cernuntur.
1505 1283 1605 1347 Simili

367 1384 463 1451 modo
497 1388 584 1467 qood
618 1389 649 1452 in
684 1393 771 1452 terre
803 1379 933 1465 tremon‘
966 1388 997 1452 io
1026 1390 1111 1454 nube
1135 1389 1323 1465 tonitrunm,
1347 1387 1398 1453 hic
1422 1389 1539 1468 hiatus,
1562 1388 1633 1454 ibi.

366 1489 473 1572 fulgur
507 1491 657 1558 creditur.
710 1492 778 1557 Iste
808 1492 938 1574 quidem
969 1497 1002 1558 et
1031 1493 1156 1572 mejora
1183 1492 1292 1558 mnndi
1322 1491 1498 1560 miracuta·
1531 1493 1606 1557 licet

364 1595 496 1660 minime
529 1597 767 1677 perspicaciter
798 1597 1026 1678 intelligamus,
1060 1602 1168 1662 tamen
1191 1613 1251 1662 nee
1274 1615 1315 1662 eo
1336 1597 1440 1678 magis
1463 1602 1608 1662 monstra

368 1699 532 1766 credendo
552 1705 634 1764 sunt.
649 1719 708 1766 nec
737 1701 903 1783 portente⁴
932 1702 1106 1767 mundialis
1129 1702 1316 1786 coteclyami
1339 1719 1489 1784 presaga
1512 1717 1606 1783 repu-

369 1805 476 1884 tanda,
499 1805 596 1872 immo
621 1807 763 1871 omnium
794 1807 1030 1888 incognitorum
1061 1807 1228 1886 cognitori,
1251 1805 1445 1872 immutabili
1468 1804 1605 1870 motabi-

368 1909 445 1974 lium
469 1909 628 1974 conditori
652 1909 808 1992 quodcm⁵
829 1911 966 1976 mirabili
990 1929 1148 1993 processu
1175 1910 1331 1992 praeclare
1361 1909 1553 1976 famulantia
1573 1909 1605 1974 in

367 2015 493 2079 cunctis
513 2016 660 2078 usturam
679 2015 862 2080 observant.
904 2015 1020 2080 Verum
1044 2015 1194 2097 quoniam
1219 2015 1433 2098 corpulentam
1456 2014 1603 2095 caliginis

368 2119 529 2184 oblivione
553 2120 656 2184 nostri
679 2119 848 2200 ingenioli⁷
870 2119 1029 2202 igniculus
1053 2118 1195 2201 undique
1219 2119 1431 2184 circumfusus
1453 2119 1492 2184 ad
1518 2120 1606 2184 inve·

368 2223 520 2303 stigando
548 2222 705 2288 altissima
727 2222 888 2304 profunda
909 2223 1012 2288 heod⁸
1033 2227 1113 2288 setis
1138 2223 1250 2288 efficax
1274 2223 1536 2306 deprehenditur,
1560 2225 1606 2305 ip·

368 2345 447 2407 sum,
484 2327 538 2410 qui
572 2327 733 2392 illuminat
765 2327 959 2394 abscondite
991 2329 1196 2393 tenebrarum
1226 2329 1345 2410 spirito
1372 2328 1605 2408 intelligentiae,

368 2449 429 2497 nos
452 2437 490 2496 ut
510 2430 702 2496 inflammet⁹
724 2435 919 2500 invocemus.

441 2635 446 2664 ¹
471 2638 528 2700 Cd,
538 2639 596 2689 ikke
615 2648 732 2700 tremore,
752 2655 805 2690 eom
825 2641 860 2692 ld.
879 2641 955 2690 laestc.
994 2640 1003 2668 ²
1026 2649 1100 2690 rettet
1118 2639 1266 2697 claranda,
1285 2640 1314 2688 de
1333 2649 1424 2690 natura
1442 2655 1523 2688 rerum
1542 2639 1604 2703 Cap.

362 2732 408 2788 ,90,
428 2743 453 2776 ae
476 2727 501 2775 S.
523 2705 554 2776 td
578 2728 643 2777 Note
665 2735 685 2776 1.
706 2737 889 2778 comeretcntc
908 2729 954 2779 Col.
1007 2726 1065 2778 ³13.
1085 2729 1218 2778 mutabilia
1235 2727 1280 2778 od,
1335 2722 1392 2776 ‘M
1419 2727 1606 2790 por-tandaCd.

368 2811 432 2865 ὕΜ.
451 2816 577 2878 quoddam
597 2813 643 2864 Cd.
680 2811 742 2864 Ι’Μ
774 2817 906 2879 copulentc
925 2817 970 2866 Col
1009 2811 1073 2866 7Μ.
1101 2817 1220 2876 ingrlooli
1239 2815 1286 2865 Cd.
1305 2814 1351 2874 (Mn
1371 2817 1439 2864 latete
1458 2812 1605 2878 ingelicoli).

367 2897 462 2952 ‘harre
481 2902 519 2961 (θί
537 2903 609 2960 haral)
628 2902 676 2952 Cd.
712 2897 723 2928 ⁰
742 2902 787 2953 Cd.
808 2901 877 2962 (ikke
897 2905 1042 2960 inflammat,
1061 2919 1113 2953 som
1135 2905 1170 2952 M.
1190 2901 1277 2963 laete).

362 3065 377 3088 “’
453 3077 479 3132 2.
525 3080 614 3133 terrae
638 3069 751 3145 motus]
776 3073 843 3132 eml.
867 3073 959 3132 Bedee
989 3074 1027 3133 de
1055 3079 1165 3132 nature
1192 3089 1291 3131 rorum
1320 3073 1393 3149 Cep.
1417 3075 1472 3131 49:
1504 3073 1604 3131 Terrae

366 3283 495 3352 incluso,
530 3285 585 3358 qui
615 3283 693 3341 hanc
726 3281 865 3340 horribili
899 3286 1031 3340 tremore
1064 3301 1248 3358 percurrens
1277 3289 1308 3338 et
1336 3281 1466 3340 evadere
1495 3283 1604 3354 initeris,

366 3389 451 3446 varic
479 3403 631 3448 marmure
662 3389 798 3445 concutit
821 3391 852 3449 et
874 3408 907 3444 se
929 3388 1087 3445 tremendo
1111 3387 1157 3445 vel
1182 3386 1368 3446 dehiscendo
1398 3387 1480 3462 cogit
1512 3387 1605 3444 effun-

368 3493 449 3550 dere.
496 3493 583 3552 Unde
607 3471 680 3550 cere
702 3497 851 3548 terrarum
875 3493 922 3549 hie
946 3492 1077 3550 motibus
1101 3491 1270 3566 subjacent,
1289 3499 1397 3568 utpote
1415 3493 1497 3548 ronti
1515 3509 1605 3567 cepa·

368 3599 429 3655 cie:
465 3615 595 3654 arenosa
626 3601 726 3653 eutem
759 3603 789 3654 et
821 3596 919 3654 solida
950 3601 1062 3654 carent.
1107 3596 1214 3672 Neque
1238 3596 1316 3653 enirn
1339 3593 1424 3666 fiunt,
1447 3597 1507 3654 nisi
1531 3595 1604 3654 coelo

366 3705 503 3778 morique
525 3700 702 3777 tranquillo,
727 3705 759 3757 et
784 3705 875 3760 vento
898 3703 930 3757 in
951 3719 1044 3759 venas
1067 3706 1157 3758 terrae
1181 3699 1315 3758 condito.
1371 3697 1412 3757 Et
1441 3700 1513 3758 hoc
1545 3705 1606 3756 est

367 3808 406 3863 in
428 3810 537 3864 terra
559 3810 717 3874 tremor,
741 3805 842 3880 qnod
864 3806 899 3861 in
922 3805 1024 3863 nube
1048 3807 1282 3863 tonitruum:
1305 3804 1453 3880 hecque
1476 3803 1604 3861 hiatus

369 3909 473 3986 quod
494 3910 654 3967 fulmen.
699 3909 791 3968 urunt
820 3909 910 3966 simul
941 3927 1008 3966 oum
1034 3915 1124 3966 terres
1147 3913 1231 3968 motu
1253 3914 1285 3966 et
1305 3907 1522 3968 inundationes
1546 3925 1605 3966 nra-

368 4016 421 4086 ris,
445 4013 553 4072 eodem
579 4014 727 4072 videlicet
753 4013 865 4090 spiritu
892 4013 985 4070 inlusi
1009 4013 1056 4070 rel
1079 4013 1244 4070 residentia
1269 4015 1337 4070 sinor
1359 4014 1486 4088 recepti.
1532 4012 1603 4070 snt.

368 4117 442 4194 Gap.
467 4120 521 4176 28:
553 4118 702 4176 Tonitrua
729 4117 836 4176 dicunt
864 4137 900 4174 er
921 4118 1043 4191 fregero
1066 4117 1195 4174 nubium
1213 4119 1363 4192 generari,
1386 4135 1455 4175 cm
1477 4118 1604 4192 spirito·

368 4228 527 4284 ventorum
557 4240 660 4280 earum
684 4225 753 4280 aino
776 4224 926 4298 concepti,
951 4237 1020 4278 sese
1043 4220 1156 4278 ibidem
1178 4223 1329 4288 versando
1356 4227 1552 4298 pererrantes
1574 4225 1606 4278 et

271 4315 274 4320 ¹
368 4329 490 4388 virtutis
523 4345 585 4386 auae
616 4327 785 4385 mobilitate
816 4328 847 4383 ia
882 4325 1050 4400 quemlibet
1077 4331 1196 4401 partem
1224 4327 1372 4384 violenter
1399 4330 1604 4401 erumpentes,

367 4451 478 4508 magno
512 4437 697 4506 concrepant
732 4449 893 4500 murmure,
926 4421 1026 4488 instet
1058 4429 1245 4488 exilientium
1268 4429 1306 4489 de
1330 4429 1458 4518 stabulis
1483 4429 1605 4505 quadri·

314 4555 321 4566 ·
369 4555 474 4613 garum
496 4537 544 4596 vel
568 4538 691 4594 vesicae:
726 4535 890 4610 quaelicet
910 4551 1004 4609 parva
1025 4553 1163 4610 magnam
1185 4539 1285 4593 tamen
1310 4535 1443 4592 sontem
1465 4533 1605 4610 disploso

276 4641 279 4646 ’
369 4643 488 4700 emittit.

257 1007 260 1014 ·
366 985 444 1049 pore
467 966 614 1049 gliscunt,
630 973 728 1033 terrae
745 969 863 1032 molem
886 969 1033 1034 horribili
1053 970 1205 1035 lremore¹
1229 975 1449 1052 conquassant
1471 987 1606 1052 eamque
1690 955 1695 1034 Ῐ

1642 1497 1674 1542 10

265 3167 287 3258 '¹
366 3181 480 3236 motam
503 3183 594 3236 vento
620 3177 686 3236 fieri
710 3178 823 3248 dicunt,
854 3180 920 3252 ejus
944 3178 1113 3236 visceribus
1141 3180 1237 3235 instor-
1270 3181 1407 3253 spongia
1431 3181 1605 3236 cavernosis
1709 3177 1714 3190 ”
1747 3247 1750 3254 ,
