3640 5342
374 295 436 360 aet

375 478 500 558 domus,
530 493 627 544 cecus
651 481 760 542 autem
783 475 915 557 quidam
936 474 970 541 in
991 474 1099 542 locum
1119 473 1210 538 illum
1233 470 1378 554 dilapsus
1402 490 1474 538 cum
1496 489 1613 538 manus

374 601 460 664 uque
493 580 664 648 madidans
698 579 739 646 ad
772 579 882 646 oculce
914 578 1102 646 reduceret:
1130 577 1291 658 integrum
1314 575 1423 642 lumen
1446 577 1612 645 oculorum

374 684 510 768 recepit.

890 872 1090 882 --—-——----

408 1035 451 1101 Al
473 1035 607 1118 „Officia
627 1034 759 1118 propria
781 1052 823 1100 es.
848 1037 1058 1116 patronorum
1082 1033 1184 1116 Regni
1207 1034 1350 1100 Poloniae
1373 1040 1407 1100 et
1427 1031 1581 1110 Sueeiae“‚

844 1138 1027 1204 Meabliniae
1051 1141 1142 1204 1858.
1673 1148 1690 1191 ὁ

652 1322 695 1388 Ia
713 1321 795 1404 secto
819 1321 853 1388 S.
880 1321 972 1388 Olaoi
995 1319 1095 1404 Repie
1116 1326 1146 1386 ei
1167 1319 1338 1405 Martyris.

464 1479 513 1540 Aa
535 1481 694 1556 Mapm'fleol
713 1491 769 1539 aot.
814 1480 913 1539 Adest
933 1505 976 1521 ·-
998 1480 1097 1556 gloria
1118 1501 1157 1526 ==
1180 1498 1209 1556 p.
1235 1477 1391 1538 aeli-1⁶.

466 1585 568 1647 Oratio.
612 1585 697 1644 Deua
720 1586 773 1662 qui
796 1604 829 1644 aa
850 1611 891 1624 -
912 1583 1074 1644 Dominum
1096 1605 1136 1630 =
1158 1603 1190 1660 p.
1213 1582 1385 1643 23117—21,

537 1775 579 1842 lo
595 1776 621 1860 j,
646 1775 811 1842 Nooiaroo
833 1775 1001 1842 Lectiones
1023 1776 1062 1840 de
1084 1775 1255 1858 Scriptura
1275 1781 1464 1844 oecurrente.

800 1879 842 1945 la
863 1880 1000 1947 secando
1021 1879 1195 1946 Nocturna.
1658 1897 1692 1940 m

463 2029 573 2098 Lectio
595 2029 657 2096 11⁷.
701 2030 822 2096 Olarus
843 2030 913 2096 Rex
934 2029 1122 2112 Neruegiee
1150 2029 1244 2097 Oleui
1265 2029 1510 2114 Skoebkonuna
1533 2033 1615 2099 Sue·

380 2131 490 2202 cerum
513 2139 548 2201 et
571 2133 752 2202 Gotherum
773 2135 875 2217 Regia
899 2153 1008 2216 gener,
1038 2135 1234 2216 euangelica
1255 2133 1402 2202 veritetie
1430 2135 1620 2203 sinceritete

379 2238 412 2305 in
445 2237 563 2322 englia
601 2239 778 2322 comperta,
811 2237 1007 2320 Rothemapi
1045 2238 1087 2304 ad
1126 2237 1265 2321 gretiam
1297 2239 1460 2323 Baptlemi
1501 2239 1621 2307 deceta

381 2341 479 2409 enimi
506 2342 676 2410 alacritete
705 2341 863 2426 pervenit.
918 2341 1111 2409 Purificetue
1130 2342 1259 2410 lavecro
1282 2342 1427 2424 salutem,
1451 2345 1619 2412 nonsatis

380 2463 458 2514 aeee
480 2445 629 2529 putebat,
660 2452 697 2512 ut
723 2445 889 2530 Epireopi,
921 2451 955 2514 et
976 2445 1174 2514 Socerdetee
1195 2447 1348 2515 continue
1370 2448 1402 2513 ln
1425 2467 1525 2531 regno
1548 2449 1619 2531 ejus
1659 2464 1693 2510 re

379 2547 595 2634 Noruegieno
630 2551 754 2617 Christi
786 2551 997 2632 Euangelium
1032 2550 1265 2634 praedicerent;
1305 2553 1364 2618 sed
1396 2569 1480 2618 noro
1513 2571 1622 2619 rerum

383 2654 499 2724 erdiue
531 2655 605 2739 ipae
633 2655 711 2737 Rex,
740 2653 892 2738 Apeateli
918 2656 990 2722 vice
1018 2653 1166 2738 brngene,
1195 2655 1314 2722 Obriati
1336 2655 1473 2738 gretiam
1497 2657 1621 2738 paeeim

382 2759 534 2828 emnibue
562 2759 774 2844 predicebat,
802 2759 1136 2843 innumerabilemque
1158 2757 1270 2842 pepuli
1292 2759 1531 2829 multitudinem
1553 2757 1622 2827 De·

381 2863 470 2930 minc
492 2862 584 2932 breui
607 2864 789 2948 acquisivit.
834 2863 928 2942 Quod
956 2863 1088 2946 indigne
1116 2861 1260 2930 ferentes
1289 2863 1445 2946 plerique
1466 2866 1622 2948 preceree

382 2967 597 3051 Ncrwepieni,
629 2967 709 3036 fidei
736 2966 925 3035 christienm
953 2967 1075 3046 hostes,
1109 2965 1267 3034 canutum
1300 2967 1469 3035 Danerum
1497 2969 1620 3052 Regem
1657 2991 1693 3036 aa

383 3075 497 3139 contra
519 3090 592 3139 eum
616 3071 803 3139 inciterunt.
850 3070 994 3149 Quorum
1014 3071 1069 3137 ille
1092 3071 1263 3154 perfidiam
1287 3071 1465 3154 declinans,
1487 3075 1520 3138 ln
1542 3073 1624 3138 Rus·

383 3175 468 3244 eiam
490 3175 634 3244 eeceeeit
655 3175 697 3243 ed
717 3173 904 3244 Jarcsleum
927 3173 1055 3241 Rdesiae
1078 3174 1199 3242 Ducem
1223 3173 1352 3243 affluam
1374 3193 1479 3242 auum.

467 3287 552 3366 Borp.
595 3287 766 3348 Honestum
788 3287 872 3347 iacit.

467 3383 577 3452 Lectio
606 3382 641 3450 V.
684 3381 722 3448 In
744 3381 862 3448 Rueeia
889 3398 953 3447 non
979 3399 1079 3464 paroc
1101 3382 1249 3465 tempore
1272 3382 1469 3464 demamus,
1491 3382 1623 3464 religie-

383 3489 435 3556 nie
459 3493 494 3556 et
514 3488 590 3554 rita
611 3487 827 3553 sanctissima
850 3485 1015 3554 celebrem
1035 3491 1133 3568 atque
1151 3483 1325 3570 jucundam
1346 3487 1481 3571 reliquit
1501 3487 1623 3554 meme·
1660 3506 1694 3552 aa

383 3593 475 3661 riam.
518 3591 658 3658 Pertaeai
690 3595 798 3657 auteur
828 3589 1032 3670 Norwegieni
1062 3589 1177 3674 eptimi
1205 3589 1303 3672 Regis
1325 3590 1494 3673 absentie,
1516 3594 1624 3675 ipsum

385 3697 426 3764 ab
458 3696 556 3762 exilio
586 3695 628 3760 ad
655 3694 748 3776 regni
777 3693 893 3760 sellum
917 3711 977 3777 per
1006 3694 1134 3776 legatos
1155 3694 1320 3760 revocant.
1363 3694 1423 3762 Ille
1445 3693 1624 3778 pereueeue

384 3798 426 3867 ab
450 3798 508 3881 eie,
536 3815 597 3881 per
626 3797 752 3865 Sueciae
779 3796 870 3880 fines,
899 3816 1017 3882 magna
1045 3799 1144 3880 Regis
1165 3795 1306 3864 Amdndi
1332 3797 1448 3879 affinis,
1472 3798 1625 3866 alicrdm·

386 3919 450 3984 que
479 3902 746 3986 propinquomm,
775 3909 809 3969 et
837 3901 1013 3969 amicerum
1041 3901 1260 3984 gratulatiene
1288 3903 1321 3968 in
1342 3903 1546 3986 Ncrwegr'am
1574 3921 1626 3970 re·

384 4005 531 4074 uertitur.
577 4005 649 4085 Quo
685 4007 862 4088 comperto,
895 4005 1044 4073 veritetis
1076 4005 1188 4072 heatae
1216 4007 1438 4073 convenerunt
1464 4009 1497 4073 in
1525 4025 1626 4072 unum
1662 4023 1697 4070 ac

385 4109 542 4178 adrereue
569 4111 744 4178 Deminum
773 4114 808 4176 et
834 4110 992 4176 adrereue
1021 4107 1184 4175 Christum
1215 4109 1296 4191 eJua,
1318 4109 1473 4192 belleque
1496 4109 1627 4177 venien·

386 4218 452 4282 tem
475 4215 625 4298 excipere
647 4214 869 4292 decreuerunt
890 4211 984 4280 Dirce
1006 4211 1131 4280 (laceto
1153 4212 1320 4280 Danemm
1342 4214 1441 4296 Rege.

469 4326 553 4404 aare.
597 4325 792 4386 Desiderinm
815 4325 931 4384 enimam

470 4421 581 4490 Lectio
611 4419 666 4488 VI.
710 4421 862 4488 Occurrit
883 4423 1016 4487 sanctus
1035 4419 1106 4484 Rex
1127 4419 1266 4487 inimicis
1291 4439 1363 4487 curn
1386 4421 1542 4500 exercitu,
1563 4438 1625 4503 pro

384 4525 513 4611 justitia
545 4529 580 4594 et
609 4522 675 4592 lide
696 4523 909 4609 pugnateme.
957 4522 1089 4590 Interea
1116 4527 1216 4591 noctu
1244 4523 1383 4609 apperet
1409 4527 1439 4594 ci
1464 4523 1626 4594 Deminue
1664 4549 1700 4602 ae
