3654 5336
299 1495 323 1538 a
366 1469 525 1554 Tempore
548 1471 710 1554 magnifici
739 1469 946 1556 imperatoris
973 1473 1143 1540 Ottonis
1172 1475 1294 1556 primi
1324 1480 1395 1542 erat
1422 1474 1456 1540 in

216 1575 364 1658 partibus
373 1574 545 1658 Hyberniae
557 1575 659 1658 regali
670 1577 772 1658 stirpe
784 1577 957 1660 progenita
967 1577 1159 1644 beatissima
1176 1578 1358 1660 Sunnire,
1383 1596 1455 1660 qum

215 1685 309 1762 patre
332 1685 460 1746 mortuo
489 1697 624 1761 reguum
650 1681 723 1762 jure
752 1680 949 1748 hereditario
977 1683 1153 1764 regendum
1177 1684 1331 1766 suscepit.
1376 1683 1456 1752 Haeo

216 1785 326 1852 arunte
354 1785 433 1852 boni
462 1785 566 1866 patris
596 1783 629 1850 in
656 1783 721 1852 fide
743 1783 862 1852 Christi
886 1787 1045 1854 instructa
1064 1787 1222 1872 populum
1243 1787 1305 1854 sibi
1330 1786 1455 1869 subjee-

147 1919 164 1964 ι
215 1891 284 1958 tuin
307 1889 481 1972 vigilanter
501 1889 690 1956 retrahebat
710 1909 731 1954 a
752 1891 853 1972 noxis,
876 1893 1051 1958 sanctitate
1078 1910 1210 1974 quoque
1233 1893 1309 1958 vitre
1333 1896 1368 1957 et
1390 1909 1457 1958 mo-

215 2013 285 2062 rum
308 1991 484 2060 honestate
511 1994 552 2060 ad
581 1993 736 2060 ciereitia
764 1993 924 2062 bonorum
952 2015 1086 2080 operum
1111 1997 1279 2064 invitabat
1324 1995 1404 2064 Erat
1425 1995 1455 2062 ei
1518 2013 1524 2022 ·

215 2117 292 2182 erga
313 2099 435 2166 cultum
458 2098 624 2180 religionis
646 2099 818 2166 eatbolicre
840 2100 1118 2186 ecclesiarumque
1147 2101 1329 2168 subsidium
1359 2099 1454 2166 affec·

212 2205 260 2271 tio
290 2204 438 2284 maxima,
472 2221 550 2284 erga
581 2221 757 2287 oppressos
793 2209 828 2270 et
860 2223 1022 2287 pauperes
1051 2205 1135 2272 mira
1167 2205 1367 2287 compassio.
1411 2204 1454 2270 Et

217 2309 433 2389 devotionem,
455 2325 553 2390 qnam
574 2309 607 2374 in
632 2308 818 2390 junioribus
847 2310 941 2374 annis
964 2310 1025 2378 sub
1048 2311 1152 2394 patris
1175 2314 1344 2392 potestate
1366 2327 1457 2376 mens
1504 2349 1507 2356 ·

149 2437 182 2484 ιο
217 2413 349 2480 cbristo
372 2417 500 2480 sacrata
527 2411 731 2494 conceperat,
760 2413 828 2496 iam
858 2412 900 2480 ad
922 2431 1024 2480 annos
1048 2415 1240 2480 maturiores
1264 2415 1456 2496 perveniens

215 2520 329 2602 suique
359 2518 441 2600 iuris
471 2517 587 2584 effecta
616 2517 738 2582 sanctis
770 2517 928 2600 exemplis
956 2524 991 2586 et
1018 2519 1082 2602 piis
1105 2518 1261 2602 operibus
1294 2522 1456 2584 monstra·

213 2625 297 2706 bat¹,
334 2624 462 2705 dignam
485 2626 650 2704 reputans,
674 2622 762 2704 quod
785 2623 872 2688 sieut
892 2622 965 2690 aliis
992 2623 1114 2691 honore
1137 2623 1324 2708 prestabat,
1347 2623 1450 2688 itaet

214 2731 370 2796 virtutum
404 2727 566 2796 exercitiis
599 2731 633 2792 et
664 2727 897 2794 misericordie
931 2729 1086 2810 operibus
1120 2731 1213 2810 quasi
1245 2728 1301 2796 lux
1333 2726 1456 2810 praevia

213 2835 365 2902 anteiret
1550 2816 1554 2824 ’

149 2957 181 3004 rr
300 2965 334 3006 11.
379 2936 569 3004 Sanctitatis
592 2936 661 3018 ejus
685 2940 719 3003 et
734 2937 874 3018 generis,
893 2935 1005 3004 formae
1029 2955 1159 3020 quoque
1182 2942 1346 3004 atrorum
1368 2933 1455 3002 lama

214 3043 281 3110 late
309 3041 427 3109 diffusa
459 3040 501 3107 ad
534 3039 704 3122 cujusdam
732 3042 859 3124 tyranni
888 3041 1037 3109 notitiam
1060 3042 1218 3124 pervenit.
1262 3041 1324 3108 Hie
1348 3058 1368 3106 a
1390 3057 1458 3105 ma-

213 3148 302 3231 ligno
324 3147 497 3229 instigatus
519 3150 639 3212 terram
661 3145 793 3226 virginis
814 3145 981 3213 hostiliter
996 3145 1165 3226 invadens,
1182 3145 1342 3215 violenter
1360 3145 1458 3212 etium

215 3253 400 3337 opprimens
429 3253 503 3334 jure
536 3247 660 3316 nefario
691 3249 895 3316 devastabat.
947 3249 1089 3316 Tandem
1118 3250 1281 3332 promittit
1311 3245 1404 3316 varia
1422 3253 1456 3316 et

213 3358 340 3426 blandis
369 3355 629 3440 perarasivisque
657 3353 861 3422 sermonibus
892 3372 965 3420 eam
995 3353 1180 3437 alloquitur,
1204 3360 1241 3420 nt
1263 3356 1303 3436 ei,
1327 3355 1383 3436 qui
1406 3355 1455 3420 sic

148 3477 181 3526 ro
215 3467 331 3546 potens
359 3467 393 3527 et
421 3465 572 3526 strenuus
594 3463 673 3536 erat,
698 3459 785 3526 tbori
806 3460 1007 3526 consortium
1030 3478 1093 3526 non
1122 3464 1275 3542 negaret3
1305 3458 1451 3526 minaba·

215 3571 268 3634 tur
289 3567 410 3650 quippe
442 3583 479 3632 se
504 3569 606 3630 totam
630 3566 751 3628 terram
774 3581 848 3629 cunr
869 3564 1043 3647 indigenis,
1066 3565 1093 3630 si
1117 3581 1186 3630 sure
1209 3563 1371 3630 volantati
1392 3579 1457 3628 non

216 3671 450 3753 acquiesceret,
484 3667 527 3734 ai
560 3667 709 3734 ultimum
741 3669 967 3734 exterminium
1000 3669 1226 3738 deducturum.
1289 3667 1350 3733 llla
1382 3684 1458 3732 vero

217 3775 326 3842 birino
354 3791 464 3844 amore
492 3789 658 3852 succensa,
688 3789 754 3838 non
782 3772 894 3840 illecta
923 3773 1092 3840 blanditiis
1122 3791 1182 3840 nec
1209 3773 1308 3840 minis
1331 3777 1458 3855 perter-

217 3881 290 3961 rita,
325 3879 536 3946 considerans
576 3877 674 3942 etiam
706 3876 887 3959 periculum
919 3877 1105 3944 divitiarum
1137 3879 1327 3958 labentium,
1357 3877 1461 3958 magis

151 3999 183 4046 ns
219 3984 318 4065 elegit
339 3983 469 4049 erilium
493 3999 590 4064 quam
612 3981 681 4048 rire
703 3982 863 4063 sacrilego
888 3981 1045 4064 copulari.

302 4113 348 4154 ιιι.
392 4087 452 4152 Illa
470 4103 547 4153 vero
571 4104 643 4152 cum
666 4087 734 4152 suis
758 4085 896 4152 consilio
919 4087 999 4152 inito
1021 4086 1167 4170 requirit,
1190 4085 1267 4170 quid
1290 4105 1308 4152 e
1331 4084 1458 4152 duobus

220 4193 367 4276 eligeret,
394 4195 452 4258 eut
481 4208 579 4258 eausa
607 4190 774 4258 servandae
803 4208 905 4258 sacrae
934 4189 1009 4258 fidei
1034 4191 1242 4258 continentiae
1265 4207 1375 4257 secum
1400 4208 1458 4272 pa·

291 4401 297 4431 ¹
317 4409 397 4454 restet
434 4411 587 4455 monstraret
603 4403 678 4453 Brer.

306 4579 335 4638 1.
379 4578 501 4638 Ottonia
524 4567 624 4655 primi]
662 4575 717 4648 ,ab
748 4595 827 4638 anno
861 4577 921 4638 9³6
956 4576 995 4637 ad
1028 4597 1075 4638 en.
1105 4577 1175 4636 973.
1227 4573 1378 4637 Habemus
1406 4575 1455 4674 hie
1547 4555 1550 4562 ¹

221 4703 310 4746 reram
332 4685 562 4744 nativitatis
586 4687 700 4742 sancta
724 4679 884 4744 Sennium*
910 4677 1112 4761 (langebek).
1198 4757 1261 4822 10*
1373 4757 1376 4764 ,
