3640 5342
554 531 590 576 se
612 531 692 578 voce
715 512 891 580 dominica:

555 618 627 682 veni
650 617 749 682 chare
770 618 835 684 iem
857 623 993 700 repente

555 725 768 804 percepturus
790 721 901 788 celica.

555 905 625 971 Hoc
648 905 759 972 audito
783 923 820 971 se
843 925 898 971 rex
919 905 1006 971 letus

556 1008 714 1075 offerebat
736 1009 855 1092 prelio:

556 1114 775 1195 impugnantis
795 1115 898 1197 partis
918 1121 1010 1182 cetus

556 1219 654 1284 corde
678 1219 745 1284 coit
765 1217 880 1301 impio:

555 1323 660 1388 iustus
683 1323 772 1388 cadit
793 1322 831 1389 fit
853 1325 1036 1408 completus

555 1426 649 1493 labor
670 1434 704 1494 et
724 1428 906 1510 promissio.

556 1611 688 1678 Summo
713 1610 807 1678 detur
828 1614 967 1678 creatori

556 1717 628 1782 laus
652 1720 686 1782 el
708 1715 874 1782 iubilatio:

557 1820 661 1887 honor
683 1821 786 1887 virtus
809 1821 1025 1903 redemptori:

556 1925 659 2008 patris
679 1925 740 1990 soli
761 1923 843 1991 filio:

556 2030 598 2097 ab
619 2035 756 2111 viroque
777 2029 850 2095 laus
871 2031 989 2097 amori:

557 2135 648 2202 cuins
671 2140 724 2199 est
745 2133 926 2216 promissio.
970 2135 1084 2204 Amen.

501 2519 676 2587 Lektierne
698 2519 709 2586 i
731 2517 931 2585 Breviorinm
953 2519 1137 2587 Lnodense.

287 2701 395 2768 Lectio
417 2702 445 2769 1.
491 2702 663 2770 Gloriosus
685 2720 742 2768 rer
764 2701 920 2784 noroegie
943 2701 1058 2768 olauus
1075 2722 1147 2769 cum
1166 2705 1200 2769 in
1218 2703 1327 2787 anglia
1344 2703 1442 2770 fidem

203 2807 318 2872 christi
331 2806 511 2874 audiuisset
521 2807 553 2872 in
566 2805 756 2888 rothomago
769 2805 953 2888 baptisatus
965 2810 1031 2872 est:
1054 2805 1250 2887 rediensque
1261 2806 1296 2873 in
1306 2825 1441 2889 regnum

203 2929 297 2978 suurn
318 2911 461 2994 apostoli
483 2910 586 2977 vicem
608 2928 724 2992 gerens
747 2909 837 2976 verbi
860 2909 912 2975 dei
934 2911 1070 2992 gretiam
1094 2909 1209 2976 incolis
1226 2910 1419 2993 predicauit.
1480 2951 1486 2982 ι

138 3027 170 3072 ao
288 3013 397 3082 Lectio
420 3013 469 3082 11.
511 3014 688 3082 Plurimum
717 3011 858 3096 proiecit
882 3014 915 3080 in
943 3014 1036 3082 breui
1066 3019 1101 3081 et
1121 3015 1316 3082 constructis
1339 3013 1442 3082 eccle-

203 3120 261 3186 siis
293 3120 560 3186 innumerabilem
592 3118 721 3185 domino
748 3118 989 3186 multitudinem
1012 3119 1124 3202 populi
1147 3117 1329 3202 acqomiuit,
1358 3118 1442 3186 vnde

204 3228 238 3290 et
257 3223 413 3307 plurimas
436 3225 592 3290 excitauit
614 3227 726 3289 contra
749 3241 821 3290 eum
845 3221 995 3288 diabolus
1016 3223 1194 3289 incolarum
1215 3221 1372 3290 insidias:
1394 3222 1443 3288 ita

203 3333 238 3392 vt
260 3327 484 3410 multiplicatis
506 3328 657 3394 hostibus
676 3327 753 3394 fidei
776 3332 951 3408 cogeretur
972 3327 1004 3391 in
1028 3326 1168 3392 rutiliani
1192 3326 1325 3394 exulari.

288 3428 397 3495 Lectio
418 3429 485 3496 ΙΠ.
528 3433 647 3498 Diuina
663 3432 802 3513 denique
821 3429 1036 3513 inspiratione
1055 3430 1192 3498 edoctus
1210 3429 1343 3513 cupiens
1360 3448 1443 3515 opus

139 3544 170 3590 ²5
205 3532 297 3599 fidei:
321 3534 408 3616 quod
431 3541 581 3617 ceperat:
604 3536 835 3603 consummari:
859 3542 893 3601 vt
913 3533 1079 3617 perlectus
1102 3534 1229 3602 athlete
1251 3535 1442 3618 martyrium

205 3638 375 3720 suscipere
396 3655 460 3706 non
483 3657 637 3706 recusans
660 3638 823 3722 perfines
845 3641 954 3707 suecis
977 3639 1019 3705 ed
1041 3639 1175 3722 proprie
1195 3639 1366 3706 remeauit

288 3741 396 3808 Lectio
417 3741 504 3809 IIII.
548 3742 718 3810 Redeunte
740 3745 838 3825 igitur
866 3763 943 3825 rege
971 3750 1145 3810 occurrunt
1173 3744 1289 3811 hostes
1311 3741 1388 3810 lidei
1409 3743 1441 3810 in

205 3847 297 3928 grain
319 3846 541 3913 multitudine:
564 3846 620 3929 qni
641 3847 674 3912 in
695 3865 804 3930 regem
826 3848 953 3915 infesti:
976 3849 1200 3931 multiplicatis
1223 3849 1257 3915 in
1280 3867 1353 3918 eum
1369 3847 1441 3916 vul·-

206 3951 353 4018 neribus:
378 3951 498 4018 christo
520 3957 693 4035 martyrem
716 3950 938 4018 reddiderunt.

138 4079 171 4124 no
290 4053 399 4123 Lectio
430 4055 462 4123 V.
506 4057 611 4123 Nocte
628 4058 737 4123 antem
755 4056 952 4139 precedente
971 4057 1056 4123 diem
1069 4058 1234 4140 passionis
1252 4058 1338 4125 eius:
1358 4055 1442 4124 vidit

206 4159 328 4226 scalam
362 4160 451 4227 celos
486 4165 689 4242 tangentem:
722 4178 782 4243 per
813 4179 909 4243 quarn
941 4161 1143 4228 descendens
1168 4161 1308 4228 christus
1331 4159 1443 4229 aiebat

204 4263 262 4331 illi.
307 4263 388 4329 Veni
410 4263 529 4332 dilecte
559 4267 617 4330 mi:
647 4270 777 4347 tempas
805 4271 856 4331 est
882 4264 1084 4332 vilaborum
1107 4272 1235 4331 tuorum
1258 4264 1385 4332 fructus
1406 4265 1440 4332 in

207 4374 321 4436 eterna
341 4367 447 4434 letitia
469 4369 640 4452 percipias.

289 4469 399 4566 Lectio
428 4471 482 4538 VI.
528 4471 699 4556 Completa
720 4479 829 4540 autem
840 4473 1010 4555 passione:
1033 4491 1105 4539 curn
1125 4491 1241 4557 corpus
1259 4473 1330 4542 eius
1351 4474 1440 4541 laua-

139 4599 171 4650 ns
205 4581 309 4646 retur:
342 4575 490 4659 proiecta
518 4581 572 4644 est
599 4595 684 4661 aqua
710 4577 810 4644 mixta
839 4578 996 4659 sanguine
1022 4577 1172 4662 martyris
1203 4582 1280 4646 ante
1310 4579 1440 4648 ienuam
