3640 5342
379 280 442 343 236

381 467 505 546 quarte.
530 461 703 528 millesimo
725 461 881 528 vicesimo
909 467 1027 528 cctam
1053 481 1140 528 auno
1168 464 1210 528 ab
1233 462 1456 529 incarnatione
1477 463 1614 529 domini:

378 569 419 633 de
442 568 559 634 caetris
582 567 625 632 ad
647 567 737 648 regui
762 567 850 648 regis
878 566 1021 649 palacia:
1050 570 1091 636 de
1118 569 1207 636 bello
1236 566 1389 648 migrauit
1414 569 1456 634 ad
1486 585 1614 651 peccem

373 691 439 755 que
460 677 618 754 exuperat
639 689 768 738 omnem
790 689 932 738 sensum,

455 786 539 862 Berp.
584 785 760 844 Denenerat
780 790 896 861 martyr
916 785 1026 844 christi
1046 787 1078 844 in
1100 787 1200 846 buum
1220 787 1273 845 vbi
1300 804 1414 862 corpus
1436 787 1503 844 eius
1526 805 1613 844 eeuc-

372 889 524 946 tissimum
557 890 648 949 modo
682 892 859 968 requiescit
892 889 982 949 huius
1015 889 1076 950 loci
1108 889 1209 951 incole
1244 891 1391 951 obstinati
1417 893 1449 950 in
1476 890 1611 950 malicia:
1647 891 1665 938 ὅ

372 993 520 1054 Uer-itatis
540 995 648 1054 hostes
671 1001 759 1054 erant
780 995 993 1056 inexorebiles.

455 1119 524 1158 cere.
558 1099 596 1158 Hi
626 1119 700 1178 ergo
723 1100 853 1160 collecto
887 1103 1025 1162 exorem
1053 1105 1264 1161 conuenerunt
1290 1103 1323 1160 in
1353 1119 1443 1160 enum
1464 1099 1614 1160 aduersus

375 1202 539 1274 dominum,
563 1209 595 1263 et
617 1205 767 1264 adnmue
791 1205 938 1266 christum
961 1207 1036 1266 eine.
1082 1206 1231 1268 Ueritetie
1252 1205 1358 1264 hortm
1380 1211 1477 1264 erent

454 1300 564 1366 Lectio
585 1302 653 1384 ciij.
697 1301 803 1367 Nocte
823 1319 901 1366 vero
923 1303 1121 1384 precedente
1143 1302 1230 1368 diem
1251 1320 1316 1383 qna
1337 1307 1460 1384 martyr
1479 1301 1613 1368 inclitus

370 1423 490 1488 puseus
513 1412 565 1473 est
586 1407 740 1490 apparunt
759 1407 806 1472 illi
829 1407 980 1472 dominus
1002 1407 1093 1474 iesus
1112 1407 1222 1474 verbis
1241 1405 1469 1488 consolatoriis
1486 1406 1611 1472 demnl·
1650 1415 1684 1460 1⁰

370 1527 448 1576 cene
480 1511 571 1578 illum
604 1513 727 1578 dicens.
783 1511 911 1578 Accede
932 1512 1039 1596 iuquit
1061 1512 1102 1578 ad
1123 1531 1176 1578 me
1199 1511 1319 1579 dilecte
1341 1513 1384 1578 mi
1407 1516 1443 1577 vt
1463 1510 1613 1577 laborum

370 1619 501 1680 tuorum
530 1617 656 1684 lructus
677 1616 882 1684 dulcissimos
910 1635 1026 1700 carpas
1054 1619 1094 1692 in,
1114 1617 1314 1700 sempiterna
1340 1617 1465 1684 leticia:
1498 1621 1611 1684 nostro

368 1719 479 1787 trnem
501 1723 677 1789 consortio.
728 1723 801 1803 Qua
827 1724 953 1789 visione
982 1707 1159 1790 idmodum
1180 1722 1384 1789 confortatus
1404 1721 1552 1804 peseiord
1574 1737 1612 1787 ee

367 1827 456 1892 letus
479 1827 611 1894 obtulit:
643 1830 708 1894 iam
736 1827 894 1895 diuinitus
917 1828 1038 1894 sculum
1064 1845 1201 1911 sperans
1223 1847 1320 1910 quem
1342 1828 1375 1892 in
1398 1827 1522 1892 somnis
1551 1845 1610 1892 nu-

370 1951 430 2016 per
462 1932 503 1997 ad
535 1933 623 2000 celos
658 1939 801 2000 erectum
834 1934 974 2000 viderat:
1007 1951 1069 2016 per
1094 1951 1191 2016 qnam
1218 1933 1261 1998 ad
1281 1931 1489 1999 dnlcedinem
1510 1949 1609 2016 quarn
1646 1936 1681 1984 ¹⁶

367 2042 559 2121 gnsteuerat
579 2039 722 2107 feliciter
743 2045 816 2108 crat
835 2056 1039 2106 recensurus.

449 2151 534 2230 Beep.
578 2151 729 2231 Egregius
758 2157 874 2229 martyr
899 2153 1008 2214 olenus
1029 2157 1120 2214 necte
1144 2152 1330 2230 precedente
1353 2151 1434 2210 diam
1456 2170 1513 2210 sne
1534 2171 1607 2229 pas·

368 2259 481 2318 sionis:
509 2259 675 2335 splendore
703 2260 846 2319 amictum
874 2259 1101 2336 contempletur
1127 2262 1226 2320 iesum
1248 2261 1400 2317 astantem
1420 2257 1482 2316 eibi
1504 2277 1541 2316 ao
1563 2257 1609 2316 di·

366 2367 495 2422 centem.
541 2363 617 2424 Ueni
640 2365 730 2425 chere
757 2383 859 2424 meus:
887 2370 1011 2441 tempus
1039 2369 1088 2424 eet
1108 2368 1141 2424 st
1160 2363 1299 2424 laborum
1320 2367 1443 2422 tuorum
1466 2362 1608 2423 dulcissi-

367 2489 433 2529 mos
456 2471 611 2547 percipias
634 2471 763 2530 fructus.
1646 2485 1683 2532 ao

446 2595 515 2635 om.
549 2577 596 2636 .In
620 2576 822 2636 admiratione
849 2579 995 2654 aspectus
1017 2575 1101 2635 illiue
1122 2576 1289 2636 attonitus:
1318 2573 1434 2634 celeste
1469 2573 1613 2651 percepit

365 2681 531 2740 orucnluuu.
618 2681 696 2742 Ueni
719 2681 811 2741 chare
829 2700 930 2741 meus.

454 2776 563 2844 Lectio
589 2779 631 2842 ic.
676 2779 820 2845 Euoluto
838 2779 949 2862 itaque
967 2779 1129 2863 passionis
1148 2777 1235 2844 illius
1256 2783 1420 2860 tempore:
1443 2795 1517 2842 cum
1539 2793 1610 2842 cor·

368 2898 431 2963 pus
454 2881 525 2947 eius
548 2883 674 2965 regales
696 2883 857 2952 lauissent
878 2883 1034 2950 ministri:
1057 2884 1205 2966 proiectu
1222 2887 1368 2950 estante
1386 2883 1505 2948 ostium
1523 2899 1610 2963 aqua

369 2987 469 3052 mixta
491 2990 661 3070 sanguine:
685 2989 739 3072 qui
760 2989 800 3056 de
816 2989 1005 3066 vulneribm
1023 2989 1111 3055 beati
1130 2988 1282 3072 martyris
1300 2987 1448 3053 llnrerat
1491 2987 1608 3053 Trans·
1645 3009 1681 3056 aa
1795 3065 1796 3068 Ἴ

367 3091 438 3158 iens
466 3093 578 3176 itaque
608 3098 685 3160 ante
708 3095 826 3160 ostium
850 3095 982 3176 quidam
1005 3111 1102 3160 cecus
1124 3110 1203 3160 casn
1224 3092 1398 3176 prolapsus
1421 3093 1462 3156 ed
1483 3091 1607 3158 locum:
1795 3073 1796 3126 1

366 3199 421 3280 qni
445 3197 552 3264 adhuc
574 3217 660 3281 equa
680 3198 802 3264 inlecta
823 3198 980 3279 sanguiue
1003 3199 1169 3266 suadebat:
1193 3215 1331 3280 cumque
1354 3197 1476 3280 digitos
1498 3195 1610 3262 made·

367 3303 473 3370 lactus
495 3303 611 3370 eadem
633 3322 719 3386 aqua
741 3301 784 3368 ad
805 3302 918 3370 oculos
942 3321 1022 3369 auos
1045 3303 1246 3369 reduxisset:
1270 3303 1358 3370 illico
1377 3301 1509 3370 detersa
1527 3302 1606 3368 celi·

366 3408 442 3490 gine
464 3407 572 3474 lumen
596 3409 767 3490 pristinum
789 3409 926 3488 recepit.
970 3408 1034 3487 Qui
1061 3409 1182 3474 certine
1205 3407 1377 3490 explorans
1400 3406 1606 3474 miraculum:

365 3531 402 3578 se
431 3531 490 3594 per
517 3513 608 3578 beati
635 3515 785 3596 martyris
812 3512 898 3579 oluui
926 3513 1078 3578 meritum
1106 3514 1211 3579 visum
1232 3513 1399 3595 recepisse
1421 3511 1606 3594 cognoscit:
1643 3531 1681 3578 ao

363 3617 450 3683 vnde
471 3637 543 3684 cum
574 3619 648 3700 ipso
677 3635 790 3684 omnes
820 3617 991 3684 audientes
1013 3618 1204 3685 miraculum
1226 3617 1369 3684 diuinam
1392 3618 1549 3700 pictatem
1572 3622 1609 3684 ct

364 3723 515 3805 martyris
536 3721 689 3788 meritum
711 3719 818 3804 dignis
841 3706 993 3790 extulere⁸
1007 3723 1183 3808 precouije.

447 3835 532 3911 Beep.
575 3835 640 3894 Rex
676 3835 809 3912 inclytus
841 3835 949 3896 olenus
979 3842 1095 3913 murtyr
1128 3835 1242 3895 domini
1272 3838 1443 3914 preciosus.
1463 3820 1607 3896 claritate

364 3941 556 4000 confortatus
579 3939 683 4000 dinine
706 3941 832 4002 meionis
856 3933 1155 4001 exultane'accessit
1176 3941 1215 4008 ad
1235 3942 1336 4002 locum
1354 3943 1518 4020 passionis.
1562 3939 1606 4000 Et

361 4064 419 4122 per
441 4045 620 4106 effueiomm
644 4047 801 4122 sanguinis
823 4045 966 4123 peruenit
988 4046 1028 4106 ed
1049 4047 1180 4123 pelrnern
1203 4052 1308 4105 eterne
1330 4045 1542 4106 iocunditatis.
1642 4055 1679 4104 tt

443 4171 513 4210 cers.
557 4151 654 4212 Felici
677 4153 852 4212 commertio
874 4171 931 4228 pro
952 4151 1060 4210 celesti
1079 4169 1205 4227 regnum
1223 4155 1411 4212 commutans
1430 4155 1603 4211 temeson:

359 4273 463 4332 regem
486 4256 647 4317 conridet
671 4259 702 4316 in
726 4258 839 4316 decore
868 4276 939 4316 suo:
974 4259 1006 4315 et
1036 4257 1068 4314 in
1102 4255 1228 4316 salutari
1255 4257 1337 4333 regis
1368 4273 1477 4332 magne
1505 4257 1607 4332 glorie

359 4363 453 4439 regie.
540 4362 581 4422 Et
602 4381 659 4438 per
680 4361 868 4424 effusionem.

439 4479 492 4542 pe.
537 4459 584 4526 'l'e
606 4459 712 4526 deum.

443 4592 511 4632 cers.
556 4573 677 4634 Gorom
699 4589 801 4632 aurea.
