3668 5348
368 331 534 384 HISTORIA
551 331 599 383 DE
616 328 853 386 montanum
871 329 995 383 REGUM
1014 329 1326 388 uouwsdntntsmm,
1422 339 1462 399 39

228 518 301 584 erat
321 521 357 580 et
376 514 515 583 belsami
537 515 800 596 pretiosissime,
824 513 965 596 indeque
987 513 1238 594 egrediebantur
1259 514 1322 581 dun
1346 514 1462 581 caleni

225 619 326 698 aurci,
348 637 487 701 quorum
509 620 713 686 summitates
734 617 881 686 naribns²
906 617 1131 703 infigebantur‚
1164 623 1201 685 ut
1228 619 1379 685 uidelicet
1399 619 1461 686 vir·

225 729 295 792 tute
322 726 480 805 unguenti
508 741 627 806 corpus
654 741 719 790 nnn
747 722 854 790 minus
879 723 1015 788 interius
1044 741 1138 804 quam
1162 724 1304 789 exterius
1328 722 1462 790 duraret

224 829 456 912 incorruptum.
500 829 626 894 Inventi
648 833 723 894 sunl
746 833 856 894 eutem
879 831 913 893 ct
934 827 998 894 duo
1021 844 1134 894 versus
1158 827 1326 910 insculpti:

176 941 191 988 ⁵
448 932 550 1000 Filius
571 932 713 998 Evandri
733 931 851 1013 Pelles,
874 917 969 1014 quem
990 931 1104 998 lancea
1128 931 1227 997 Turni

447 1037 561 1106 ldililis
583 1037 711 1118 occidit,
733 1054 823 1102 mnne
845 1034 921 1102 sn0⁸
937 1037 1027 1118 jacet
1047 1036 1109 1102 bic.

308 1142 370 1220 Qui
391 1147 507 1224 postne
528 1148 668 1221 erectus,
691 1141 959 1224 palenteingenti
971 1142 1109 1207 vulnere·
1123 1142 1184 1207 sub
1200 1144 1344 1222 pectore,
1368 1157 1460 1221 praue

223 1261 350 1315 murum
378 1244 521 1312 civitatis
550 1245 733 1328 adequavit
760 1246 1103 1328 euanesceretque
1131 1247 1236 1324 stetit,
1262 1245 1366 1310 donec
1387 1242 1457 1308 bal-

222 1367 315 1418 ssmu
345 1350 463 1432 pluviis
492 1350 605 1416 abluta
631 1351 664 1416 in
694 1351 905 1432 semetipsum
934 1348 1108 1432 collapsus-⁴
1129 1354 1187 1416 'est
1215 1357 1250 1415 et
1270 1348 1321 1414 sic
1340 1348 1458 1417 iterum

157 1473 189 1520 ιο
223 1459 321 1524 tcrroe
344 1471 423 1524 ussa
445 1454 661 1522 mandanturi.

286 1677 363 1759 Cep.
386 1676 474 1742 XIX.
520 1676 611 1755 Quod
633 1676 750 1742 beatm
773 1675 891 1742 Olauus
914 1674 1054 1740 inbelle
1077 1673 1213 1757 martyr⁶
1234 1675 1393 1742 occubuit.

305 1849 429 1914 Beatus
446 1850 557 1930 itaque
580 1847 701 1937 Olenus
721 1853 917 1933 congregata
938 1865 1055 1926 manu,
1068 1865 1164 1928 quam
1187 1846 1312 1936 habere¹
1327 1849 1458 1928 poterat

220 1954 253 2018 in
284 1952 420 2036 Uplend,
449 1950 590 2020 tetendit
620 1953 654 2016 in
682 1951 930 2030 Throndbeim²;
964 1951 1111 2018 audierat
1145 1953 1229 2021 enim
1261 1949 1456 2016 Sueinnnem

220 2055 321 2122 lilium
344 2056 464 2125 Ksnuti
483 2057 515 2122 in
533 2057 603 2122 Wic
625 2055 745 2136 aperiri
769 2057 941 2122 adventum
964 2074 1056 2122 suum
1079 2073 1151 2120 cum
1174 2054 1282 2120 ualida
1303 2071 1401 2118 manu
1424 2059 1458 2118 et

155 2177 185 2222 rs
219 2161 293 2230 ideo
324 2160 500 2226 declinavit
522 2160 562 2226 ab
587 2179 636 2227 en.
675 2160 902 2226 Throndeuses
929 2164 1039 2228 autem
1067 2157 1177 2224 audito
1209 2159 1350 2223 adventu
1372 2156 1457 2238 regis

222 2269 443 2330 conuenerunt
471 2265 504 2328 in
533 2265 775 2330 Nidrcsicnsem
806 2265 969 2330 ciuitatem
999 2265 1091 2350 quasi
1120 2263 1169 2328 nir
1195 2281 1276 2328 unus
1301 2261 1456 2349 adversus

219 2369 390 2457 Dominum
432 2373 466 2434 et
498 2369 669 2434 adversum
703 2368 858 2458 christum
887 2369 965 2452 ejus,
1001 2369 1134 2450 juvenes
1168 2385 1240 2432 cum
1273 2363 1454 2432 senioribus

219 2472 340 2539 infelici
368 2471 521 2550 lectione,
551 2477 587 2537 nt
612 2472 838 2554 impugnarent
865 2475 1011 2538 sanctum
1039 2471 1118 2549 Dei3
1139 2471 1184 2536 in
1214 2470 1332 2552 quibus
1363 2473 1457 2533 erant

218 2575 393 2660 principes,
418 2577 472 2659 qui
494 2576 630 2642 menime
652 2576 721 2658 regi
744 2575 1004 2656 obluctabantur,
1015 2575 1139 2642 Thurer
1159 2569 1290 2641 buddei
1305 2578 1339 2638 et
1350 2569 1457 2636 Kalfr⁸

152 2703 185 2750 ao
219 2679 304 2745 filius
325 2682 422 2746 Arna.
466 2679 610 2745 Audiens
640 2679 738 2760 igitur
766 2697 824 2744 rex
847 2685 1075 2761 congregatam
1098 2679 1267 2745 adversum
1289 2695 1326 2742 se
1349 2675 1454 2740 multi-

216 2784 361 2852 tudinem
382 2785 489 2849 misit⁹
518 2784 557 2848 ad
590 2801 647 2850 eus
671 2784 729 2848 Fin
751 2783 886 2848 fratrem
908 2783 1009 2864 Keiis,
1032 2785 1122 2866 cujus
1147 2783 1297 2864 superius
1319 2780 1454 2846 mentio-

215 2908 289 2956 nem
315 2888 467 2969 iccimns3
500 2889 555 2970 qui
577 2885 699 2972 populo
729 2905 842 2969 pacem
866 2886 1008 2969 offerret,
1031 2889 1118 2972 regis
1141 2888 1282 2952 animum
1304 2891 1453 2968 paratum

215 2995 392 3073 nunciaret,
411 2993 547 3058 oblitum
567 3011 639 3058 eum
662 2993 901 3078 praeteritarum
924 2993 1112 3075 injuriarum
1135 2993 1303 3073 ignoscere
1327 2989 1451 3070 cuique,

216 3097 459 3178 quodantenus
488 3114 660 3179 perperam
689 3097 824 3177 egisset:
857 3085 1028 3162 detestari
1045 3114 1082 3162 se
1111 3094 1299 3162 effusionem
1322 3093 1452 3159 humani

149 3229 181 3277 25
216 3202 382 3283 sanguinis
413 3206 447 3268 et
474 3199 611 3265 menime
637 3200 670 3265 in
693 3200 841 3267 civilibus
862 3199 967 3279 bellis,
990 3200 1078 3266 nullu
1102 3189 1197 3266 moda
1220 3217 1256 3264 se
1279 3197 1361 3266 velle
1383 3215 1451 3288 me·

215 3323 292 3372 num
313 3301 524 3386 conserere¹⁰,
557 3303 584 3368 si
618 3303 800 3370 salubribus
836 3304 905 3386 ejus
934 3304 1064 3370 monitis
1086 3304 1302 3389 acquiescent.
1346 3299 1453 3366 Effera

215 3427 399 3477 venemens
418 3408 630 3474 barbarorum
651 3407 795 3472 unanimi
814 3425 977 3474 consensu
993 3409 1068 3490 peci
1087 3407 1281 3480 contradicit
1300 3411 1334 3472 et
1351 3405 1451 3472 multu

284 3616 371 3690 ’,ΔΚ
388 3617 562 3684 preu'osissimi
580 3615 605 3666 S.
653 3609 739 3666 ἈΚ
757 3617 872 3667 dumibus
890 3617 916 3668 S.
965 3613 1047 3668 'Ale
1067 3625 1147 3667 morte
1164 3630 1211 3664 sna
1228 3613 1254 3666 S.
1300 3608 1381 3664 ⁴KS.
1400 3615 1451 3664 col·

213 3691 314 3772 lapsum
332 3707 363 3756 Α.
400 3699 734 3756 *dementissimum
770 3697 854 3754 ‘Ait
875 3715 954 3755 mater
970 3705 996 3756 S.
1032 3699 1341 3755 insumpsimus.
1377 3695 1451 3752 'ds

213 3790 340 3845 112le
374 3789 464 3843 ἈΚ
482 3792 538 3840 misi
556 3791 582 3842 S.
619 3785 642 3818 ¹⁰
660 3789 720 3842 Ali.
738 3793 853 3876 ueniens
872 3793 898 3844 s.
1428 3803 1431 3812 ¹

215 3965 352 4042 quemvis
373 3962 534 4035 fabulosis,
557 3965 659 4022 lamen
681 3961 804 4022 verimli
826 3963 988 4034 similibus,
1016 3981 1116 4024 mores
1140 3962 1310 4022 daemonum
1338 3962 1451 4021 deseri·

212 4071 329 4130 bunius·
351 4067 534 4128 carminibus
557 4072 726 4142 puetarum.
770 4067 847 4128 Nam
865 4066 1021 4128 (lamillcm
1038 4068 1138 4128 Dieuc
1159 4067 1258 4126 doluit
1280 4064 1364 4143 apud
1381 4065 1449 4123 Vir·

212 4175 319 4250 gilium
341 4179 373 4232 et
393 4171 614 4246 Pallantem
635 4174 868 4232 meriturum
890 4172 1078 4232 Hercules
1099 4173 1228 4232 flevit.
1303 4233 1309 4242 ,

282 4279 348 4338 ιι19.
392 4277 510 4337 Theren
529 4277 649 4336 humder
671 4281 703 4336 el
723 4268 823 4353 Kelir]
854 4276 989 4336 heerken
1011 4276 1084 4351 Tbjr
1102 4276 1175 4335 oller
1198 4255 1296 4351 Agrip
1317 4274 1451 4350 lrjender

211 4380 334 4441 Haarsk
356 4383 388 4440 si
408 4381 533 4458 Thiolla
553 4381 662 4441 blandi
683 4381 899 4458 Hpvdingerne
919 4381 978 4440 red
1001 4380 1188 4452 Stilrlestad3
1223 4379 1287 4437 selu
1308 4382 1320 4438 i
1342 4380 1380 4439 de
1403 4399 1449 4438 se·

212 4505 287 4546 nere
304 4485 507 4562 Barelminger
529 4479 601 4563 (leg.
623 4485 711 4562 Sego,
730 4485 930 4562 chrslrinne,
951 4478 1101 4556 Heimslc.)
1125 4503 1158 4541 er
1179 4483 1239 4542 han
1262 4484 1339 4544 lidet
1359 4484 1449 4544 irem·

212 4587 381 4650 audendo.
412 4622 414 4633 =
