3668 5348
354 351 525 406 HISTORIA
543 353 592 404 DE
609 351 863 416 ANTIQUITA'I'E
880 352 1005 406 REGUM
1027 353 1344 408 nouwmlunsluu.
1427 351 1466 416 59

228 534 309 616 Wic,
332 534 480 618 sepultus
504 552 581 601 vero
610 533 715 603 fertur
736 535 769 599 in
791 534 949 618 predicte
971 535 1114 604 ecclesie
1134 534 1467 618 Nicircsiensisqusm

229 641 299 722 ipss
322 643 556 706 construxeras

230 845 307 930 Gap.
336 845 434 912 XXX.
491 847 540 912 Do
574 846 692 928 Magno
726 845 865 913 beri01t¹
899 851 934 912 et
965 846 1087 912 mentio
1122 846 1163 912 de
1192 846 1360 930 prodigiis,
1379 795 1466 930 *qum

574 956 814 1034 precesserunt
834 955 971 1018 mortem
995 949 1114 1016 Caroli.

180 1131 196 1177 ὁ
315 1117 400 1184 Huic
427 1119 586 1185 successit
614 1117 750 1200 Magnus
779 1117 863 1184 filius
893 1119 962 1202 ejus
985 1118 1223 1185 exconcubina
1245 1122 1351 1198 natus,
1376 1120 1466 1202 cujus

227 1239 407 1305 cognomen
440 1223 628 1306 nudipes.
680 1223 741 1289 Hic
762 1225 910 1308 regnavit
932 1226 1025 1289 annis
1049 1223 1171 1304 decem,
1202 1241 1337 1305 quorum
1369 1241 1466 1288 unum

227 1327 323 1392 simul
346 1345 418 1394 cum
440 1325 506 1393 filio
530 1327 679 1395 avuncuii
702 1329 762 1410 sui,
787 1329 909 1394 Hacou.
963 1329 1025 1394 Hic
1056 1327 1179 1407 Hucon,
1209 1329 1338 1410 jnveuis
1369 1327 1465 1393 bonne

226 1431 353 1512 indolis,
376 1431 499 1497 tribute
521 1437 657 1498 eatenus
679 1433 801 1515 injuste
833 1434 989 1516 imposita
1017 1450 1036 1497 a
1065 1433 1189 1498 cervice
1214 1431 1465 1513 comprovincia-

226 1535 306 1601 lium
339 1535 515 1602 abstulisse
544 1537 711 1618 laudatum
744 1543 863 1620 postea
893 1541 1069 1603 immaturo
1101 1543 1205 1601 morte
1235 1555 1275 1602 ex
1302 1535 1364 1600 hec
1394 1535 1466 1602 luce

161 1647 194 1694 10
228 1641 415 1707 subtractus
427 1639 543 1722 Magno
563 1644 721 1708 avunculo
742 1661 802 1708 suo
821 1643 953 1726 reliquii
971 1659 1113 1724 reguum,
1132 1641 1186 1724 qui
1204 1639 1334 1724 praeiuit
1350 1645 1466 1722 postea

227 1747 320 1812 eoois
343 1763 467 1810 novem.
517 1745 578 1812 Hic
601 1747 735 1830 Magnus
757 1749 841 1831 putri
865 1748 999 1813 multum
1023 1743 1190 1812 dissimilis
1219 1745 1375 1826 moribus,
1404 1761 1464 1812 evo

227 1869 286 1917 suo
310 1849 452 1916 Haraldo
476 1852 579 1932 magis
599 1852 664 1917 fuit
685 1849 880 1920 conformis’.
925 1853 968 1916 ut
995 1853 1071 1934 quie
1092 1849 1190 1932 poulo
1214 1844 1363 1931 superius
1387 1849 1466 1915 ieci·

229 1971 301 2020 mus
332 1955 539 2036 mentionem,
566 1957 703 2023 eundem
733 1955 909 2023 Huroldum
933 1957 973 2022 de
1002 1973 1086 2038 equo
1116 1953 1278 2021 corruisse
1299 1960 1333 2020 et
1356 1956 1389 2020 in
1410 1953 1467 2020 illo

228 2077 309 2126 cusu
340 2063 478 2126 mortem
514 2061 583 2143 eius
617 2059 856 2144 prefigurotem
886 2061 999 2140 fuisse,
1030 2059 1112 2126 libet
1143 2060 1256 2142 paucis
1287 2058 1468 2140 absolvere,

163 2167 194 2216 ¹⁶
230 2181 302 2247 quse
323 2163 473 2248 prodigia
495 2166 727 2246 precesserint
755 2163 882 2232 cesum⁸
909 2165 1170 2232 victoriosissimi
1193 2169 1226 2229 et
1247 2162 1333 2229 inter
1354 2164 1468 2246 proeci-

229 2287 313 2354 puos
336 2269 423 2336 viros
445 2271 710 2353 prestantissimi
731 2272 792 2336 viri
815 2271 924 2336 Caroli
947 2271 1064 2352 magni.
1116 2267 1258 2334 Primum
1287 2265 1469 2349 prodigium

228 2373 290 2440 iuii
321 2390 404 2456 pons
428 2373 615 2460 Mogontiae,
650 2375 736 2440 ultra
766 2375 914 2441 Rhenum
943 2373 1080 2439 firmiter
1111 2378 1323 2454 constructus,
1357 2373 1403 2438 its
1432 2379 1469 2438 ut

227 2481 387 2562 perpetuo
411 2479 527 2546 durare
559 2485 740 2562 putaretur,
773 2489 833 2561 per
863 2479 953 2545 ocio*
976 2495 1077 2566 annos
1100 2477 1294 2544 fabricatus:
1331 2493 1468 2559 cumque

222 2583 290 2665 jem
321 2589 409 2650 esset
438 2590 689 2665 consummatus,
723 2587 889 2650 contrecta
922 2582 1007 2649 nube
1040 2601 1139 2667 super
1165 2583 1299 2666 pontem
1330 2600 1368 2648 eo
1391 2583 1464 2663 ipso

161 2691 195 2737 2⁰
229 2687 282 2754 die
312 2687 436 2754 fulmen
466 2689 597 2755 emicuit
625 2693 796 2771 totumque
824 2687 1008 2767 combussit,
1036 2687 1083 2753 ite
1103 2687 1142 2752 ui
1162 2705 1224 2752 nec
1245 2685 1378 2751 hastula
1400 2685 1469 2768 qui·

228 2791 301 2858 dem
334 2793 433 2875 super'
465 2811 580 2876 uquam
615 2798 809 2860 remaneret.
865 2793 1047 2860 Secundum
1082 2791 1143 2858 fuit
1176 2777 1320 2874 porticus
1351 2791 1468 2873 ingens

227 2894 421 2979 Aquisgrcni
448 2897 536 2964 inter
564 2899 727 2964 basilicam
758 2902 791 2963 et
819 2897 984 2980 palatium,
1009 2914 1080 2980 quoe
1103 2915 1174 2963 cum
1197 2897 1268 2978 ipse
1291 2898 1469 2978 imperator

228 2997 282 3066 die
306 2999 467 3068 dominica
490 3003 689 3084 superiorem
713 2993 881 3069 ecclesium
906 3001 1007 3068 veliet
1026 3004 1157 3082 intrare,
1181 3000 1378 3083 antepedes
1399 3001 1468 3083 ejus

227 3107 298 3171 iota
327 3125 434 3188 usque
465 3107 505 3171 ad
536 3112 656 3172 temam
688 3107 832 3189 collapsa
863 3111 925 3173 est.
977 3102 1119 3172 Tertium
1144 3106 1205 3172 iuit
1226 3121 1341 3172 nomeu
1365 3104 1468 3188 ipsius

299 3290 403 3348 ἈΒΚ
440 3295 521 3348 Ἀθ.
540 3295 666 3346 confimie
684 3293 713 3356 (ii
731 3294 764 3344 Κ.
802 3293 874 3346 'As
893 3309 1011 3346 occasum
1028 3295 1061 3348 R.
1096 3290 1173 3346 *ΑΒ
1192 3295 1217 3344 K
1235 3293 1329 3345 iilieier
1346 3295 1354 3343 i
1372 3293 1472 3346 Texun

230 3380 266 3440 (A
284 3383 291 3432 i
310 3381 441 3438 Rnndenic
461 3382 611 3447 (Sigibertun
630 3399 673 3446 per
691 3383 795 3446 decen).

314 3578 342 3633 3.
385 3567 518 3658 benicet]
558 3595 593 3636 er
632 3574 776 3638 Skrivisil
792 3577 858 3636 ¹iou·
881 3575 1000 3636 berioir
1025 3574 1101 3634 eilcr
1130 3577 1245 3636 notiore
1278 3575 1427 3652 berfoiir5
1460 3575 1470 3632 i

228 3679 343 3738 Texien
366 3678 475 3738 keldes
498 3679 557 3737 hen
579 3679 766 3758 nudipes.

314 3787 342 3842 5.
386 3775 474 3857 Huic]
515 3784 569 3842 cir.
610 3763 708 3859 signio
734 3785 874 3843 72--73ι
918 3785 986 3842 Enn
1020 3783 1076 3840 hor
1110 3783 1189 3840 citer
1222 3784 1299 3860 etigr
1330 3782 1469 3859 ngnus

229 3887 377 3947 berbeinn
409 3882 578 3964 (berleggr)
609 3908 682 3946 sunr
710 3887 786 3946 hcns
814 3890 850 3946 til
878 3889 962 3948 rikis.
987 3890 1069 3948 huon
1091 3905 1145 3946 ver
1166 3886 1205 3962 lia
1226 3887 1336 3962 melego
1356 3890 1470 3964 tviivgn

229 4011 262 4052 en
285 3993 365 4052 bonu
395 3999 446 4054 too
468 3994 610 4070 konuuge
637 3994 730 4062 noim
754 3994 832 4052 enar
853 3993 943 4069 febor
967 3995 1106 4062 sinn.,oc
1127 3991 1233 4051 Hocon
1253 3991 1363 4051 incendi
1391 3992 1467 4058 hans

229 4117 341 4158 enncrr
363 4118 397 4157 er
422 4098 628 4175 Sieigsrborir
649 4098 733 4172 hailei
757 4103 789 4156 ui
821 4098 898 4173 inibe
928 4118 998 4157 sem·
1024 4097 1117 4174 sagius
1140 4097 1213 4155 ivrr.
1236 4097 1317 4155 heum
1340 4115 1395 4154 ver
1418 4096 1468 4154 uel

228 4201 412 4280 helspritogr
446 4203 494 4277 bn.
528 4223 564 4262 oc
593 4201 675 4262 nizro
698 4205 768 4261 sinn
791 4206 858 4265 vete
879 4203 968 4280 bebii-
991 4199 1122 4276 (Resicu
1144 4202 1223 4262 citer
1246 4221 1281 4262 en
1306 4200 1469 4277 eivigsndc

229 4301 344 4382 Kilde).

317 4413 363 4470 11.
411 4412 467 4470 Hic
499 4403 644 4488 Magnus]
680 4413 733 4470 cfr.
768 4397 867 4488 Agrip
904 4417 959 4472 79:
996 4433 1032 4472 oc
1072 4431 1127 4470 ver
1158 4411 1242 4486 mcor
1273 4410 1399 4468 berscir
1432 4427 1468 4468 oc

230 4537 322 4576 rmsor
344 4537 380 4576 oe
403 4518 564 4576 sturisemr
586 4536 622 4574 oc
642 4517 736 4575 licere
758 4517 769 4574 i
791 4517 858 4576 evilo
882 4517 1007 4578 Heraldi
1038 4515 1195 4592 ioboricbr
1218 4517 1315 4574 sinum
1343 4516 1353 4576 i
1382 4533 1469 4591 soap-

235 4621 321 4682 lvndi
342 4621 431 4683 heldr
454 4642 512 4682 eun
536 4621 624 4698 folior
647 4622 753 4682 siuom.
