3654 5336
378 373 438 438 128
607 377 706 432 sors
723 377 855 432 sanem
872 379 987 432 onnv1
1004 375 1109 432 anons
1125 379 1173 432 rur
1189 381 1382 435 usurrnrs.

378 555 552 624 edificavit
583 560 749 625 civitatem
773 577 874 640 suam,
903 561 1006 626 austri
1033 559 1163 643 placido
1185 559 1315 626 flamine
1335 562 1498 644 aquilonis
1521 563 1618 629 dissi·

376 665 467 748 parit
500 665 652 730 dentiam
686 670 721 732 et
750 667 894 746 gentium
923 664 1094 731 efferarum
1123 665 1307 732 obstinatos
1340 685 1377 732 ec
1398 667 1527 735 feroces
1547 669 1616 734 ani·

376 786 448 835 mos
470 768 579 834 calore
600 765 677 834 fidei
699 770 830 834 tandem
844 767 1011 834 emollivit.
1057 771 1240 836 audierunt
1260 771 1407 838 anditum
1429 773 1617 852 aDominc,

377 881 412 939 et
442 873 571 954 legatos
599 874 640 940 ad
668 873 743 940 illos
776 880 890 956 gentes
918 874 1009 939 misit
1036 892 1204 956 precones
1226 877 1317 942 verbi
1338 877 1398 958 sni,
1422 877 1475 961 qui
1498 877 1617 944 verita-

377 981 453 1058 tem,
478 997 550 1060 quae
573 979 676 1045 estin
701 978 831 1045 Christo
860 979 944 1058 lesu,
979 979 1127 1062 partibus
1155 979 1220 1046 illis
1251 983 1477 1063 praedicarent,
1509 982 1615 1048 cultu·
1652 987 1667 1034 ⁵

375 1101 443 1148 ram
468 1089 654 1150 everterent
676 1084 847 1164 idolorum,
868 1083 1078 1149 credentibus
1100 1085 1200 1150 uitam
1222 1085 1462 1154 indeficientem
1486 1094 1521 1152 et
1540 1105 1618 1168 gan·

377 1188 432 1252 die
465 1192 588 1254 aeterna
615 1189 855 1271 promitterent,
885 1187 1069 1254 incredulos
1101 1193 1136 1255 et
1165 1189 1306 1255 rebelles
1330 1188 1429 1256 futuri
1447 1191 1563 1274 judicii
1585 1196 1619 1257 et

374 1293 528 1376 perennis
551 1292 705 1375 supplicii
727 1299 816 1359 metu
840 1291 1054 1358 deterrerent

460 1423 493 1463 11.
538 1397 623 1462 Huic
652 1403 729 1462 tunc
751 1402 790 1462 ut
810 1397 948 1462 diximus
973 1397 1148 1478 provincie
1167 1405 1308 1482 praeerst
1326 1419 1383 1465 rex
1407 1399 1540 1479 olavus,
1563 1399 1618 1482 qui

374 1502 455 1569 licet
476 1503 620 1586 gentilis,
644 1508 762 1568 natura
783 1506 891 1567 tamen
916 1499 1074 1583 benignus
1103 1510 1176 1570 erat
1197 1511 1232 1572 et
1253 1505 1295 1570 ad
1316 1505 1457 1570 honeste
1477 1523 1616 1586 qumque
1652 1515 1686 1566 ro

374 1607 545 1690 eaqufflda
570 1607 712 1689 quadam
740 1608 859 1676 manes
886 1606 1092 1686 ingenuitate
1121 1610 1396 1692 promptissimus.
1439 1608 1501 1676 Hie
1523 1627 1619 1677 eran·

373 1712 485 1794 gelicae
507 1711 655 1779 veritatis
678 1711 867 1777 sinceritate
890 1711 923 1776 ia
943 1711 1059 1791 Anglia
1081 1719 1250 1795 comperta
1271 1713 1367 1779 fidem
1391 1719 1462 1779 toto
1485 1713 1618 1780 admisit

373 1823 509 1902 pectore
539 1821 573 1882 et
600 1815 640 1882 sd
664 1815 818 1898 baptismi
840 1816 977 1898 gratiam
1002 1817 1033 1880 in
1056 1817 1136 1883 urbe
1159 1817 1352 1904 Rotbomagi
1376 1820 1498 1886 devota
1519 1818 1616 1884 animi

375 1917 544 1988 alacritate
574 1920 768 1988 convolavit.
823 1914 1017 1986 Purificatus
1044 1922 1145 2003 igitur
1172 1922 1301 1990 lavacro
1324 1921 1459 1989 salutari
1479 1928 1616 2006 repente

375 2031 520 2091 mutatus
543 2031 593 2092 est
616 2027 647 2091 in
670 2025 766 2090 aliurn
795 2024 899 2090 virum
928 2029 962 2090 et
985 2026 1087 2110 (juxta
1111 2027 1198 2110 quod
1222 2027 1392 2108 apostolus
1415 2027 1474 2106 sit)
1499 2044 1615 2091 conse·
1653 2053 1685 2098 ιι

374 2131 485 2214 pultnr
509 2129 639 2198 Christo
662 2149 722 2212 per
744 2130 942 2211 baptismum
967 2131 999 2194 in
1022 2137 1169 2214 mortem,
1194 2130 1317 2197 oblitus
1336 2150 1408 2216 qum
1426 2137 1616 2209 retroeunt,

375 2235 407 2302 in
441 2237 606 2302 anteriora
634 2253 670 2300 se
700 2235 890 2314 extendens,
925 2235 956 2299 in
991 2235 1135 2302 novitate
1163 2236 1240 2301 vitae
1263 2241 1427 2318 suscepte
1450 2235 1617 2318 religionis

374 2340 633 2426 perfectissimus
667 2340 858 2406 observator
892 2337 1089 2404 ambulabat.
1144 2340 1306 2406 Sordebst
1339 2341 1369 2404 ei
1400 2341 1502 2408 omnia
1529 2358 1617 2412 ‚vana

376 2445 552 2512 delectatio
587 2451 621 2511 ct
647 2445 767 2510 terreni
792 2444 884 2525 regni
907 2444 1010 2524 gloria
1037 2461 1104 2526 prae
1127 2443 1298 2512 dulcedine
1321 2444 1455 2510 coelesti
1479 2445 1615 2510 vilesce-

373 2549 450 2618 bat:
485 2552 515 2615 in
545 2549 644 2631 reguli
679 2549 811 2630 fastigio
843 2549 1042 2613 constitutus
1071 2549 1189 2630 spiritu
1216 2568 1342 2632 pauper
1364 2554 1435 2614 erat
1457 2553 1491 2616 et
1511 2549 1615 2630 regni¹
1652 2557 1685 2602 ²⁰

374 2655 514 2738 negotiis
546 2655 731 2738 implicatus
768 2653 975 2718 nihilominus
1008 2651 1230 2718 meditabatur
1252 2653 1425 2720 coelestia:
1459 2653 1616 2736 quidquid

375 2759 484 2824 divina
512 2759 563 2825 lex
591 2759 755 2843 probibet,
790 2758 1001 2824 vehementer
1024 2757 1238 2838 abhorrebat3
1260 2758 1428 2840 ‚quidquid
1459 2758 1617 2841 praecipit,

374 2862 604 2930 ardentissimo
627 2861 906 2945 complectebatur
928 2861 1058 2928 affectu.

459 2995 505 3036 111.
549 2969 619 3034 Nec
635 2970 766 3052 propria
788 2967 885 3032 saluti
909 2973 1080 3032 contentus
1103 2968 1253 3049 populos,
1277 2969 1394 3050 quibus
1419 2967 1529 3034 divina
1553 2967 1617 3032 dis·

373 3073 523 3156 pensanti
546 3071 752 3154 providentia
774 3073 979 3154 praestitutus
1008 3077 1088 3150 erat,
1120 3071 1160 3138 ad
1189 3072 1287 3137 fidem
1309 3071 1458 3154 vigilanti
1482 3089 1616 3137 conver·
1652 3089 1684 3134 as

373 3183 444 3243 tere
467 3177 634 3244 nitebatur
656 3175 827 3255 instantia3
859 3181 893 3242 et
920 3193 1003 3242 novo
1032 3194 1139 3242 rerum
1170 3175 1283 3241 ordine
1306 3197 1363 3242 rex
1385 3175 1524 3258 apostoli
1547 3178 1617 3241 vice

373 3281 510 3363 iungens
533 3283 604 3364 ipse
634 3281 698 3348 dux
724 3281 816 3347 verbi
841 3279 963 3346 Christi
985 3281 1122 3362 gratiam
1147 3282 1268 3362 passim
1290 3281 1439 3346 omnibus
1461 3278 1617 3362 preadica-

373 3386 445 3466 bat3
479 3385 650 3452 nonnullos
683 3386 782 3454 etiam
815 3385 1058 3468 predicationis
1091 3387 1304 3467 gratiaque
1335 3385 1451 3452 diffusa
1484 3383 1615 3449 eratin

374 3491 471 3556 labiis
495 3491 576 3572 ejus,
600 3509 620 3555 a
641 3489 790 3556 uelandis
815 3491 996 3554 damonum
1020 3489 1161 3555 cultibus
1184 3491 1224 3555 ad
1248 3491 1447 3572 agnitionem
1471 3495 1506 3554 et
1528 3505 1617 3553 reve-

375 3597 511 3663 rentiam
534 3597 584 3660 sui
608 3594 765 3660 creatoris
787 3595 932 3674 reduxit3
955 3591 1127 3658 nonnullos
1151 3595 1192 3659 ad
1215 3595 1328 3660 seculi
1347 3598 1569 3678 contemptum
1583 3597 1617 3656 ct
1651 3607 1684 3652 ao

376 3719 519 3766 amorem
543 3717 693 3780 supernae
722 3698 838 3780 patriae
868 3698 1027 3764 mirabilis
1058 3699 1128 3782 ejus
1152 3699 1283 3763 devotio
1307 3705 1341 3764 et
1361 3699 1428 3764 vita
1450 3700 1616 3764 continen-

375 3805 501 3872 tissima
524 3801 713 3869 medullitus
736 3799 975 3868 inflammanti

449 4008 454 4037 ¹
478 4011 552 4062 Beer.
570 4026 604 4075 og
623 4011 691 4060 Low.
721 4012 824 4062 terrenis
843 4011 914 4061 ASS.
950 4005 1045 4062 'ASS
1063 4007 1157 4070 (alenc)
1176 4011 1322 4060 lomaetter:
1352 4007 1433 4072 Cujus
1452 4007 1518 4058 eninr
1538 4007 1618 4057 oleati·

375 4099 513 4159 medonem.
533 4101 605 4162 cujus
623 4100 741 4149 duritiam
759 4100 923 4163 insignissimi
942 4101 1008 4161 regis
1026 4113 1108 4149 sermo
1127 4099 1207 4150 dulcis
1225 4109 1251 4148 et
1268 4095 1391 4162 sapientia
1409 4093 1498 4162 plenus
1517 4095 1617 4158 spiritu·

377 4189 410 4240 ali
429 4203 480 4240 non
499 4187 644 4252 lrangerst?
677 4185 759 4252 Crrjm
782 4195 909 4251 torporem
937 4185 977 4236 vel
1004 4187 1125 4238 desidiam
1149 4187 1308 4237 ccnrsrmtio
1326 4184 1461 4247 singularia
1480 4183 1550 4232 illins
1567 4197 1617 4232 non

376 4277 518 4328 exeluretl
547 4276 608 4338 mgl.
628 4277 711 4338 Brea,
732 4273 804 4326 Low.
820 4289 856 4337 og
875 4275 950 4324 Hom.
1238 4271 1242 4280 '

351 4521 357 4534 .
462 4449 490 4508 9.
534 4409 706 4527 prouincia]
720 4445 802 4508 mut.
816 4467 855 4496 ι·
868 4465 1005 4526 rognum,
1027 4446 1167 4506 dioecesis
1185 4444 1414 4519 metropolitani
1433 4433 1617 4519 (Ducange).

464 4555 512 4614 15.
556 4547 731 4629 apostolus]
753 4551 820 4610 sml.
837 4550 900 4628 Ep.
925 4552 963 4612 ad
981 4551 1065 4612 Rom.
1087 4551 1134 4622 VI,
1152 4553 1186 4610 4:
1210 4550 1390 4626 Consepulti
1415 4549 1494 4608 onim
1513 4564 1618 4606 sumus

377 4677 444 4718 cum
465 4658 519 4717 illo
543 4677 600 4745 par
621 4659 806 4733 baptismum
826 4657 858 4752 in
882 4661 1019 4716 mortem.
