3646 5348
361 372 527 428 arsuonm
544 371 593 422 nn
610 355 848 425 surruptum
865 359 990 420 nnanu
1009 365 1324 422 nonwnsrnnsrnnr.
1424 363 1461 432 15

224 561 302 643 Gap.
326 559 412 626 v111.
457 558 550 636 Quod
574 555 695 621 Olenus
716 552 898 636 repatrians
926 552 1104 633 assumpsit
1130 569 1243 618 secum
1273 552 1462 634 episcopum

287 665 447 748 quendam
472 669 507 729 et
529 662 612 728 alios
635 659 804 739 religiosos
825 659 913 722 viros
936 657 977 722 ed
999 657 1240 739 praedteanuum
1264 657 1398 724 verbum

658 764 720 830 Dei
742 762 1036 844 Norwagiensibus.

308 899 429 972 olavus
454 903 574 970 audItis
597 901 648 966 his
670 899 796 967 nunciIs
816 897 954 964 credidit
977 899 1032 978 eis,
1056 903 1170 980 utpote
1194 897 1359 964 avunculis
1384 899 1465 980 suis;

172 1013 190 1059 ⁶
226 1003 406 1078 accelerato
429 1008 559 1090 negotio
583 1005 773 1089 paratisque
806 1002 942 1070 naribus
975 1005 1114 1086 sumpsit
1148 1021 1259 1070 secum
1279 1004 1368 1069 viros
1390 1003 1465 1068 reli-

224 1117 345 1200 giosos,
369 1113 565 1197 siguardum
583 1110 735 1178 videlicet
757 1109 959 1193 episcopum,
984 1111 1039 1192 qui
1063 1110 1103 1175 ad
1126 1109 1188 1175 hoc
1208 1106 1316 1191 'ipsum
1338 1109 1465 1175 ordina-

224 1229 277 1289 tus
301 1221 416 1302 iuerat,
439 1226 477 1286 ut
498 1217 650 1302 gentibus
673 1213 869 1299 praedicaret
892 1215 1025 1280 verbum
1039 1215 1109 1295 Dei,
1130 1223 1164 1281 et
1182 1215 1352 1281 nonnullos
1372 1215 1463 1294 allos,

225 1345 307 1410 quos
330 1325 453 1392 habere
476 1343 586 1392 secum
609 1327 750 1406 poterat,
772 1320 1024 1386 Theobrandum
1047 1319 1273 1403 presbyterum
1287 1317 1466 1386 Flandren-

224 1451 304 1512 sam,
327 1449 388 1500 nec
410 1448 475 1498 non
499 1438 533 1497 et
555 1429 653 1496 alium
675 1423 900 1506 Thermonem,
924 1425 1148 1510 presbyterum
1166 1425 1273 1505 etlam
1298 1427 1412 1492 habuit
1431 1431 1466 1492 et

159 1548 191 1595 1⁰
227 1537 383 1605 diaconos
417 1538 553 1621 aliquos.
614 1534 681 1600 lam
715 1536 800 1601 enim
833 1535 882 1600 tir
917 1533 973 1600 ille
1005 1531 1110 1599 bonus
1149 1531 1395 1615 premeditatus
1429 1513 1465 1598 se

224 1639 329 1709 modis
352 1639 499 1709 omnibus
522 1637 755 1720 laboraturum,
771 1647 810 1707 ut
833 1637 963 1706 (ihrIsto
994 1644 1097 1706 totam
1121 1643 1248 1704 'terrem
1279 1639 1468 1722 subjugaret

222 1748 273 1815 rel
297 1747 507 1815 omnimodis¹
529 1746 664 1831 paganis
684 1747 746 1813 riou
764 1747 947 1838 imperaret,
966 1749 1098 1811 secutus
1120 1745 1152 1809 in
1172 1745 1235 1810 hoc
1249 1743 1467 1810 Iovinianum²

223 1851 511 1938 prudentissimum
530 1853 641 1932 vicum,
666 1853 719 1934 qui
744 1871 826 1932 curn,
848 1851 993 1917 Romano
1017 1849 1161 1917 exercitu
1185 1849 1271 1932 apud
1294 1849 1410 1916 Persas
1433 1850 1467 1916 iu

24 2043 33 2056 ·
224 1959 363 2027 maximo
396 1959 542 2043 perlculo
565 1957 754 2037 constituto,
780 1975 798 2022 a
821 1955 978 2022 militibus
1012 1959 1181 2039 peteretur
1211 1956 1251 2021 ed
1283 1955 1464 2038 imperium,

159 2084 191 2130 rs
225 2063 454 2132 incunctanter
485 2063 671 2150 respondit:
704 2061 793 2127 nullo
829 2059 925 2126 modo
955 2079 991 2128 se
1020 2063 1157 2144 paganis
1187 2065 1349 2142 imperare
1371 2061 1464 2127 selle.

222 2168 368 2237 Iulianus
395 2187 472 2237 vero
497 2167 616 2235 Christi
644 2166 778 2250 perfuga
802 2171 835 2234 et
858 2186 897 2233 ex
919 2165 1119 2233 subdiacono
1154 2175 1253 2249 atque
1288 2167 1465 2233 christiano

223 2273 467 2341 infelicissimus
489 2278 641 2357 apostata
664 2274 698 2339 et
720 2277 912 2356 persecutor
933 2273 1072 2338 numinis
1096 2271 1272 2351 christiani,
1299 2272 1354 2354 qui
1377 2277 1410 2337 et
1433 2272 1465 2337 in

224 2379 339 2446 eedem
363 2379 569 2462 expeditione
592 2379 753 2458 Parthica,
777 2382 813 2443 ut
835 2381 976 2444 testatur
998 2377 1114 2444 beatus
1138 2375 1362 2460 Hieronymus,
1387 2375 1465 2442 sex¹

295 2643 301 2674 ¹
326 2643 352 2694 S.
371 2641 514 2693 omnimodo
537 2633 619 2693 112³
644 2642 695 2695 AS.
714 2643 737 2692 Δ
755 2643 829 2693 heri
852 2640 970 2692 Randen:
997 2639 1054 2705 lege
1075 2640 1218 2702 Jorienum,
1246 2641 1347 2692 bulliat
1369 2639 1394 2691 K
1417 2640 1464 2691 har

224 2737 337 2796 optaret
373 2729 451 2781 Ἀθ.
470 2731 493 2781 A
511 2731 557 2781 har
574 2730 583 2780 i
600 2731 718 2784 Runden:
737 2731 794 2796 lega
812 2735 944 2796 reptem,
963 2727 1063 2780 hrillrat
1081 2729 1106 2780 K
1124 2729 1172 2780 har
1190 2735 1303 2794 optaget.

310 2911 338 2968 5.
362 2893 493 2984 sumpsit
512 2901 627 2978 secum]
641 2909 695 2975 etr.
708 2887 808 2984 Agrip
821 2909 876 2966 36:
890 2907 972 2982 haipi
991 2905 1057 2981 meir
1071 2925 1121 2964 aer
1134 2905 1244 2984 SIgurp
1254 2907 1370 2984 brsoop
1385 2927 1418 2965 er
1433 2906 1469 2965 til

224 3013 296 3090 pean
318 3034 372 3073 var
389 3011 479 3090 uigpr
501 3016 532 3070 at
553 3011 633 3088 hope
653 3011 753 3087 lvpom
766 3010 842 3088 gups
855 3011 959 3071 nuinn.
980 3031 1016 3070 oc
1029 3031 1067 3068 en
1082 3031 1236 3090 necqusre
1258 3011 1352 3087 laerpe
1365 3031 1466 3072 menn.

223 3099 411 3196 Pangbrand
434 3122 521 3194 prust
543 3138 580 3178 oc
600 3097 735 3194 Pormop
758 3138 794 3177 oe
818 3138 854 3176 en
879 3136 1016 3196 necquer
1040 3115 1141 3176 dioon.

309 3225 337 3280 9.
381 3213 617 3298 Theobrandus]
640 3241 707 3280 maa
730 3242 807 3282 rere
831 3222 1029 3282 Forkortelse
1054 3221 1087 3280 ai
1103 3219 1343 3281 Theodbrandus
1357 3216 1469 3293 (Deoi-

223 3325 323 3400 bmnt,
346 3321 533 3400 Dietbrnnt),
556 3327 683 3404 ligesom
705 3327 863 3388 Theobald
885 3329 934 3387 ior
952 3325 1170 3400 Theodebald3
1193 3325 1269 3384 heus
1289 3321 1374 3384 Nava
1397 3327 1468 3386 blev

223 3435 257 3492 ai
275 3433 514 3510 Islsendingsrne
537 3434 692 3510 gjengivet
713 3415 927 3510 Pangbranda
951 3451 1018 3490 sum
1039 3451 1107 3490 man
1129 3429 1185 3490 her
1213 3435 1338 3508 antaget
1366 3431 1414 3490 for
1435 3437 1467 3490 ut

224 3542 365 3616 gjengIve
396 3541 427 3596 st
452 3537 513 3596 oht.
547 3537 730 3596 Dankbrant
763 3531 875 3612 (findas
898 3537 980 3608 ikke,
1016 3557 1048 3594 se
1082 3533 1302 3595 Fortiumanns
1324 3535 1470 3596 Nemone-

223 3643 305 3702 buch
327 3643 351 3716 1,
376 3645 455 3701 1149
478 3638 533 3714 ff.).

312 3750 340 3806 9.
384 3739 594 3822 Flandrensie]
629 3745 696 3806 Deu
725 3747 881 3806 islandslre
914 3746 1072 3806 Tradition
1103 3739 1312 3823 (Kriatnisege
1334 3745 1406 3823 Cap.
1433 3743 1464 3818 5)

225 3853 313 3911 leder
334 3851 403 3910 ham
426 3869 504 3910 viere
530 3851 612 3922 „Sea
635 3853 667 3910 ai
688 3852 769 3912 Grer
789 3851 911 3911 Vilbeld
933 3853 967 3909 ai
986 3847 1146 3910 Bremen“.

316 3959 361 4015 lt.
416 3951 604 4029 Iovinianus]
639 3955 732 4016 Dotis
761 3956 847 4015 Nara
881 3957 966 4022 turer
987 3957 1133 4015 Jorienns
1167 3957 1297 4034 hyppigt
1327 3959 1337 4015 i
1371 3955 1463 4016 midd.

225 4062 359 4124 Skriiter
380 4061 401 4120 1¹.
424 4059 480 4118 Ex.
509 4060 566 4120 hos
592 4063 680 4138 Hugo
709 4063 743 4120 ef
763 4061 792 4122 S.
817 4061 923 4120 Victor
945 4055 1197 4138 (Excerptionum
1220 4063 1297 4134 VIII,
1322 4061 1395 4138 Gap.
1420 4061 1454 4129 4)

225 4165 392 4224 Ekkeherd
414 4168 425 4223 i
455 4165 566 4225 Ohrou.
596 4165 769 4226 universale
792 4160 848 4242 (II.
862 4167 897 4226 G.
911 4167 975 4228 Sor.
1000 4167 1049 4240 vl,
1075 4161 1157 4241 115),
1181 4165 1255 4227 Otto
1276 4167 1309 4225 ei
1329 4167 1463 4226 Freisin·
1491 4136 1499 4156 Ι

226 4263 707 4346 mfflomumm
1210 4253 1213 4258 ’

314 4375 360 4433 18.
405 4375 514 4434 beatus
538 4368 752 4452 Hieronymus]
777 4377 831 4448 cir.
855 4377 1029 4452 Hieronymi
1054 4392 1150 4454 opera
1171 4396 1231 4434 rec.
1255 4377 1282 4436 J.
1306 4375 1339 4434 P.
1362 4378 1465 4455 Idigne

225 4473 336 4555 (1846)
354 4479 376 4552 1,
400 4483 472 4540 lou:
495 4480 636 4540 Julianus
653 4482 809 4558 Augustus
830 4485 979 4559 septem
1000 4481 1096 4542 libros
1119 4483 1150 4539 iu
1173 4481 1370 4558 expeditione
1391 4482 1464 4541 Par-

224 4583 309 4643 thica
329 4583 476 4646 adversus
497 4583 650 4644 Christum
682 4589 814 4649 evomuit
844 4593 875 4644 et
904 4589 993 4662 juxta
1019 4587 1139 4646 tabulae
1168 4593 1327 4665 puetarum
1351 4605 1407 4668 auu
1431 4607 1464 4648 se

225 4709 298 4748 ause
321 4689 477 4750 laceravit.
