3668 5348
362 377 594 430 missurusne
614 377 849 436 ossiculum
866 377 991 432 REGUM
1010 379 1324 434 NORWAGIENSIUM.
1420 383 1460 444 25

221 561 355 628 ioadnre
378 561 539 644 simulque
566 563 778 628 considerans
803 563 853 629 vix
877 582 948 628 eum
974 563 1014 628 rie
1038 564 1161 645 reliquo
1185 581 1293 632 secum
1317 561 1461 630 fraterne

221 675 380 745 acturum,
400 668 494 749 jnxtc
515 667 596 732 illud
615 667 751 734 Lucani:

423 773 521 840 Nulla
541 771 621 838 fioes
644 776 734 852 regni
758 774 855 838 sociis
879 775 1049 854 omnisque
1074 773 1222 855 potestas

424 879 598 960 impatiens
622 879 782 946 consortis
805 878 877 957 erit,

156 993 173 1038 ⁵
228 980 382 1050 discessit
403 1000 424 1046 a
445 985 551 1064 patria
574 983 801 1063 navigavitque
823 984 855 1048 in
880 983 1027 1064 Angliom
1051 983 1164 1050 relicto
1187 982 1254 1048 filio
1278 999 1336 1047 suo
1351 981 1461 1048 Hauon

221 1103 412 1152 successore
434 1089 535 1168 regni.
569 1087 632 1154 Hic
654 1087 768 1152 Erieus
789 1087 922 1168 praefuit
943 1089 1035 1154 annis
1057 1087 1241 1169 quindecim
1266 1105 1337 1152 cum
1361 1085 1461 1152 tratre

222 1191 396 1270 speirano,
431 1191 703 1259 christianitatem
740 1211 800 1258 nec
839 1193 956 1258 minuit
987 1211 1045 1258 nec
1079 1191 1236 1270 dilatavit,
1270 1193 1463 1273 permittens

224 1313 485 1378 unumquemque
508 1299 541 1364 in
564 1297 623 1365 hac
645 1297 803 1364 duntaxat
824 1303 918 1378 parte
941 1298 1049 1362 virere
1067 1298 1141 1379 jure
1164 1314 1227 1378 quo
1249 1296 1358 1362 veltet.
1399 1295 1462 1374 Qui

222 1401 298 1466 dum
320 1401 381 1468 eibi
406 1403 555 1482 pituitam
578 1401 714 1470 iecisset
734 1403 868 1482 abscidi,
891 1403 989 1470 nimia
1011 1400 1168 1468 effusione
1187 1402 1350 1480 sanguinis
1363 1403 1460 1468 vitam

154 1515 187 1562 1⁰
222 1504 333 1572 finivit
379 1507 460 1574 Post
482 1507 661 1572 discessum
685 1507 756 1588 ejus
780 1525 799 1572 a
821 1509 929 1590 patria
961 1507 1162 1589 protuerunt
1193 1505 1295 1574 irater
1327 1507 1398 1590 ejus
1429 1512 1463 1572 et

222 1595 308 1676 fitius
330 1613 424 1678 aunis
447 1611 584 1678 duobus.

285 1799 364 1881 Cbp.
388 1798 454 1864 XV.
502 1797 551 1862 De
574 1797 684 1862 reditu
706 1797 795 1864 beati
819 1800 911 1865 Oiaui
936 1800 976 1862 de
999 1799 1114 1882 Anglie
1135 1799 1166 1864 in
1190 1797 1401 1880 Norwagiam.

309 1984 430 2052 olavus
452 1981 683 2049 filiusHoreidi
704 1983 893 2053 morabatur
915 1985 946 2051 in
969 1985 1085 2066 anglia
1107 2003 1146 2050 eo
1172 1989 1328 2066 tempore,
1351 1988 1468 2066 postea

226 2097 347 2172 martyr
369 2087 490 2155 Christi
510 2089 647 2166 iuturus,
679 2096 712 2155 et
745 2090 789 2155 ibi
823 2098 900 2156 tunc
928 2089 1148 2158 reconciliavit
1171 2089 1380 2154 Adairedum¹
1403 2087 1467 2152 ira-

157 2223 190 2269 15
225 2196 329 2260 tribus
353 2193 421 2260 suis
445 2202 478 2261 et
499 2201 536 2261 ut
558 2195 590 2260 in
610 2213 719 2276 regern
743 2193 974 2261 sublimaretur
1004 2195 1154 2260 obtinuit.
1210 2190 1304 2259 Hunc
1336 2191 1467 2258 Adstre-

225 2301 315 2366 dum'
338 2299 478 2383 privarit
499 2305 616 2382 postea
637 2319 739 2381 regno
761 2300 926 2366 Kanntus²
952 2319 1007 2365 rex
1033 2299 1151 2378 oasin,
1188 2299 1243 2381 qui
1277 2299 1383 2364 dictus
1417 2302 1468 2363 est

226 2411 354 2489 patene,
378 2407 411 2470 et
434 2408 470 2470 ut
491 2410 652 2486 perpetuo
676 2405 821 2470 exularet
843 2407 958 2487 coegit.
998 2405 1114 2470 Fertur
1136 2404 1224 2488 quod
1247 2408 1323 2468 tunc
1346 2403 1467 2468 olavus
1578 2401 1584 2416 '

238 2631 248 2642 .
295 2597 302 2624 ¹
321 2595 378 2648 ΑΚ.
397 2596 552 2647 Adulterium
570 2597 596 2650 Β.
633 2597 643 2628 ²
660 2595 710 2646 AR
729 2595 855 2662 (everoit).
874 2597 987 2648 Omnbus
1006 2595 1170 2658 (consultis.

309 2775 338 2830 b.
383 2764 570 2849 quindecim]
594 2773 710 2848 striges
732 2773 780 2832 srs
801 2773 936 2832 Historia
956 2768 1151 2844 Neruiis),
1175 2774 1224 2832 ira
1242 2752 1350 2848 Agrip,
1373 2771 1466 2848 Fegr-

224 2877 342 2948 skinne,
368 2879 480 2939 Snorre
503 2897 543 2952 og
573 2878 715 2938 Stemund
746 2874 833 2952 (12);
868 2899 935 2936 men
963 2899 997 2938 er
1029 2878 1186 2950 historislr,
1216 2878 1259 2936 thi
1287 2877 1363 2936 Erik
1390 2877 1467 2953 ἆτος

223 2987 284 3044 Aer
310 2984 388 3044 1015
412 2980 480 3041 med
504 2983 588 3042 Knut
609 2984 644 3042 til
667 2983 808 3059 England
831 2979 1023 3054 (Encomium
1045 2977 1182 3056 Emmaa).

311 3093 338 3147 3.
384 3064 514 3163 Lucani]
538 3088 714 3147 Pharsalica
737 3082 798 3160 (ed.
822 3082 947 3148 Weber)
969 3088 991 3158 1,
1017 3090 1055 3147 92
1077 3088 1177 3163 lyder:

426 3192 518 3252 Nulla
538 3193 616 3252 fides
639 3197 737 3268 regnis
760 3195 851 3253 sociis
875 3195 1033 3270 omnisque
1059 3197 1198 3270 potestas
1243 3179 1247 3186 ⁵

426 3299 591 3373 impatiens
615 3301 767 3358 consortie
789 3301 856 3358 erit.

225 3404 328 3478 regnis
351 3403 444 3462 sociis
469 3424 507 3448 =
532 3403 655 3478 regibus
679 3407 780 3464 sociis.
825 3403 902 3480 Udg.
928 3403 1096 3463 bemoerker
1117 3405 1127 3462 i
1152 3403 1296 3465 enNote:
1320 3403 1465 3464 Salisber.

224 3505 267 3578 (⁰2
301 3507 457 3566 iohannes
482 3505 716 3583 sepeliebam),
741 3511 792 3583 qui
821 3509 874 3576 111,
911 3511 948 3568 13
985 3511 1049 3568 sine
1083 3509 1218 3568 auctoris
1252 3510 1371 3567 nornine
1401 3508 1465 3571 hmo

223 3614 305 3685 citat,
328 3615 405 3686 repsi
429 3616 507 3672 eoois
529 3617 564 3672 ut
592 3619 665 3672 tunc
699 3619 787 3672 erant
818 3619 958 3690 temporo
987 3613 1132 3687 protulit.
1182 3613 1215 3672 In
1245 3613 1342 3671 Vatis.
1366 3615 1383 3670 2
1407 3613 1466 3670 tuit

183 3711 186 3716 ¹
219 3721 299 3776 sociob
319 3721 402 3798 repsi.
667 3705 671 3712 ¹
1033 3749 1039 3763 ·

306 3826 334 3882 9.
379 3814 506 3898 pituita]
539 3821 700 3896 betpderi
734 3822 787 3882 det
809 3823 976 3899 bekjendta
999 3823 1075 3882 Vere
1104 3824 1162 3882 hoe
1193 3822 1303 3882 Horats
1327 3819 1419 3900 (Epp.
1442 3824 1464 3896 1,

225 3932 250 3999 1,
277 3921 349 4002 tos)
375 3928 489 4000 Snus,
511 3927 566 3987 her
581 3925 772 3998 „oraveram
801 3925 889 4000 (urm.
905 3923 1114 4003 BOKirohrn.)‚
1138 3928 1203 3987 emi.
1229 3907 1326 4003 Agrip
1350 3929 1405 3985 41:
1429 3947 1465 3988 oo

222 4032 262 4092 do
286 4032 339 4106 per
361 4033 395 4092 ef
413 4031 543 4105 blmbros
566 4051 600 4090 er
620 4033 731 4092 honum
754 4053 810 4092 nar
832 4034 1036 4094 vir-scorium.

309 4139 357 4197 14.
403 4130 603 4214 Adslredum]
629 4139 695 4196 ami.
721 4139 825 4197 Oitars
839 4139 930 4198 Vera:
954 4139 1059 4198 komtu
1081 4140 1092 4196 i
1113 4137 1185 4195 land
1208 4137 1249 4196 ok
1271 4137 1383 4210 lendir,
1405 4136 1465 4198 lto·

220 4243 319 4316 riirbr,
342 4243 481 4304 stereon
504 4237 608 4316 (Hskr.
633 4237 719 4316 225),
739 4245 884 4320 rigtigere
907 4241 1056 4302 fortollret
1085 4244 1095 4300 i
1117 4242 1176 4300 den
1198 4243 1258 4318 leg.
1280 4242 1359 4320 Saga
1380 4264 1404 4301 c.
1431 4246 1463 4301 9:

222 4329 284 4420 Pas
303 4350 395 4426 segia
416 4367 507 4408 menn
529 4350 601 4408 att-ir
635 4349 720 4406 nniet
742 4348 857 4408 Semina
892 4347 1092 4424 tingnekrege.
1116 4351 1148 4404 at
1171 4345 1256 4404 olan
1285 4323 1464 4408 Horellzson

220 4454 308 4516 natos
326 4455 430 4514 komet
453 4451 577 4512 nostrae
595 4452 737 4529 kononge
750 4459 820 4529 aptr
831 4453 914 4512 iland
928 4452 992 4512 mab
1003 4450 1128 4513 miklum
1150 4449 1255 4508 rubum
1274 4471 1309 4510 oc
1333 4450 1463 4512 ritrleio.

310 4561 356 4618 ln.
402 4548 527 4634 potens]
553 4579 590 4602 =
614 4557 715 4616 Knr'rtr
737 4559 829 4618 hinn
854 4557 940 4616 rtki.

307 4667 355 4727 17.
401 4661 513 4722 Fertur
536 4653 631 4740 quod]
656 4661 720 4722 aml.
743 4662 803 4739 leg.
827 4661 907 4740 Saga
930 4683 953 4722 c.
979 4663 1028 4722 19.
