3640 5342
348 345 409 408 abe

773 529 830 615 [lu
846 532 954 612 prinae
976 533 1156 618 nocturnal

431 632 525 717 [Ant]
571 640 634 700 Rex
653 641 705 700 ille
729 670 767 682 -
791 645 1049 719 promptissimus.

432 741 523 816 [Aut]
569 746 624 804 Hic
646 745 838 823 Evangelioaa
857 777 894 786 -
921 749 1102 808 convolavit.

433 841 556 926 [Lectio
579 841 616 926 Ι]
662 842 830 908 Gloriosus
863 845 931 912 Rex
966 845 1088 910 Olcvus
1117 845 1322 928 Evangelicae
1344 845 1493 912 veritatis
1517 843 1580 912 sin-

1131 716 1170 740 =
1193 714 1224 770 p.
1249 693 1386 754 mgr-s,

348 946 483 1012 ueritate
512 947 545 1012 in
572 947 688 1029 Anglia
721 955 896 1030 comperta,
931 947 1027 1015 iidem
1055 955 1126 1015 toto
1160 949 1291 1015 admisit
1317 955 1452 1033 pectore
1482 952 1516 1016 et
1538 947 1580 1016 ad
1633 959 1650 1005 ⁵

345 1050 500 1133 baptismi
536 1052 683 1132 gratiam,
716 1053 749 1118 in
780 1052 857 1118 urbe
885 1054 1079 1136 Rothomagi
1108 1054 1235 1120 Devota
1264 1054 1382 1121 mentis
1413 1052 1582 1121 alacritate

345 1154 537 1222 convolavit.
581 1155 773 1223 Purificatus
796 1157 895 1240 igitur
916 1159 1044 1224 lavacro
1067 1159 1213 1238 salutari,
1237 1160 1269 1224 in
1291 1159 1456 1224 anteriora
1475 1175 1511 1224 se
1530 1175 1582 1224 ex-

343 1259 482 1326 tendens
506 1277 589 1326 novo
612 1279 719 1326 rerum
742 1260 865 1342 ordine,
889 1262 957 1328 Rex
980 1261 1130 1346 Apostoli
1151 1263 1221 1329 viee
1243 1263 1391 1344 iungens,
1414 1263 1487 1344 ipse
1508 1261 1583 1329 Dux

343 1363 477 1430 verbum
500 1363 561 1430 Dei
591 1366 715 1446 passim
745 1365 894 1432 omnibus
924 1367 1122 1449 praedicavit,
1152 1367 1325 1449 plurimum
1353 1365 1526 1450 proficiens
1549 1367 1583 1432 in

343 1468 433 1533 brevi
467 1473 502 1534 et
529 1469 797 1536 innumerabilem
823 1471 964 1537 Domino
999 1471 1237 1538 multitudinem
1265 1471 1375 1554 populi
1399 1471 1580 1554 acquisivit
1617 1477 1651 1522 ¹⁰

342 1571 583 1656 Exemplilicari
605 1574 769 1642 memorie
791 1581 933 1658 oportet,
963 1580 1082 1660 qvauta
1102 1575 1262 1643 beneficia
1282 1575 1412 1659 populis
1434 1574 1581 1658 contulit,

346 1678 423 1743 dum
445 1678 615 1760 Norvegiae
637 1679 706 1745 Rex
726 1680 866 1762 praefuit.

434 1783 545 1868 [Rasp]
589 1791 624 1850 In
646 1792 742 1869 regali
766 1821 804 1836 ·-
828 1793 973 1853 calestia.

428 1889 535 1968 [Vera]
581 1895 734 1957 sordebat
755 1924 797 1936 --
818 1898 995 1958 vilescebat.

426 1991 548 2077 [Lectio
570 1991 628 2077 ΙΙ]
671 1993 735 2060 Sed
758 1995 957 2062 econverso
987 2012 1162 2078 perpessus
1191 1999 1244 2061 est
1266 1995 1384 2062 multas
1407 1995 1427 2060 t
1448 1993 1578 2076 qvibus-
1616 2011 1648 2058 ιιι

344 2098 418 2164 dam
440 2096 679 2178 tribulationes,
703 2099 807 2166 donec
829 2098 958 2164 illorum
981 2098 1188 2168 multitudine
1206 2101 1363 2168 resistere
1380 2117 1444 2166 uon
1460 2097 1582 2180 valeus,

340 2203 482 2269 secessit
507 2202 541 2266 iu
570 2202 732 2283 Rusciam,
765 2203 869 2270 donec
892 2202 1050 2270 voluntati
1084 2222 1153 2271 suae
1181 2221 1220 2272 ec
1248 2204 1418 2286 proposito
1452 2207 1581 2286 tenpus

339 2307 501 2391 ydoneum
534 2306 694 2374 Dominus
729 2306 876 2375 conterre
910 2305 1106 2389 dignaretur.
1154 2308 1213 2376 Ubi
1243 2307 1481 2376 iliensellano
1501 2308 1580 2374 Pro·

340 2412 455 2480 viucioe
503 2412 648 2496 ejusdem
693 2414 782 2494 Rege
827 2409 996 2494 magnifico
1042 2413 1182 2494 gloriose
1226 2417 1410 2495 susceptus,
1456 2413 1581 2480 bonore

340 2516 555 2600 amplissimo,
589 2518 742 2601 qvamdic
772 2517 817 2584 ibi
846 2535 974 2584 morare
1001 2517 1112 2597 voluit,
1141 2517 1274 2584 babitus
1304 2521 1365 2584 est.
1410 2515 1479 2582 Illic
1501 2515 1578 2584 verd
1615 2531 1649 2578 so

342 2641 407 2689 non
428 2639 530 2705 parvo
559 2627 705 2706 tempore
735 2622 923 2689 demoratus
947 2626 981 2687 et
1002 2621 1175 2689 honestum
1197 2623 1273 2688 vitm
1295 2620 1431 2687 formam
1456 2626 1490 2688 et
1510 2638 1581 2688 sum

1078 1866 1117 1892 ε
1140 1865 1171 1921 p.
1197 1840 1368 1904 aggae-ao,

343 2725 509 2809 religionis
539 2726 667 2794 celebre
695 2733 937 2795 mouumentum
959 2725 1073 2793 incolis
1094 2727 1234 2810 reliqvit,
1258 2725 1402 2808 Denique
1426 2726 1581 2792 decoctus
1712 2805 1721 2816 ⁹

342 2831 418 2914 igue
446 2830 694 2913 persecutionis,
729 2832 836 2898 dinuo
866 2831 1043 2914 inspiratus
1073 2831 1238 2912 instinctu,
1268 2849 1328 2912 per
1349 2828 1471 2898 svecic
1497 2829 1580 2898 lines

347 2936 388 3002 ad
410 2935 543 3019 propria
562 2937 729 3003 remeavit.

429 3039 540 3126 [Resp]
586 3047 764 3126 quantus
788 3078 826 3091 -
850 3049 1028 3128 predicare.
1129 3120 1167 3134 —
1309 3095 1408 3142 „43

429 3149 535 3227 [Vera]
579 3153 696 3215 Multos
716 3153 850 3216 habebat
877 3182 911 3192 -
935 3157 1082 3214 evertere.
1128 3135 1167 3146 '—
1190 3120 1221 3178 p’
1245 3101 1305 3158 229
1411 3139 1418 3156 '

428 3250 550 3332 [Lectio
573 3248 651 3332 ΙΙΙ]
695 3251 831 3316 indutus
853 3251 952 3331 igitur
973 3251 1074 3317 lorica
1094 3250 1183 3333 fidei,
1206 3250 1382 3334 objiciebat
1402 3265 1440 3315 se
1462 3249 1581 3330 sponte

343 3355 505 3439 periculis,
528 3357 725 3440 martyrium,
748 3357 777 3422 si
800 3355 869 3422 Deo
893 3355 1068 3438 placuisset
1089 3373 1152 3421 nou
1173 3372 1338 3422 recusans.
1383 3354 1477 3420 Auno
1505 3370 1580 3436 per-

342 3467 416 3528 acto
450 3466 577 3528 veteres
609 3461 724 3528 hostes
756 3466 978 3528 convenerunt
1014 3460 1193 3543 iniqvitetis
1229 3459 1399 3526 consilium
1437 3457 1579 3526 inientes

343 3567 498 3634 adversus
533 3565 706 3631 Dominum
740 3571 773 3631 et
805 3564 963 3632 adversus
996 3565 1160 3634 Christum
1192 3564 1273 3647 ejus.
1330 3563 1410 3630 Erat
1440 3578 1578 3643 namqve
1612 3583 1646 3631 eo

341 3670 428 3738 illius
462 3668 610 3736 doctrina
642 3670 768 3735 illorum
803 3670 954 3752 operibus
987 3669 1083 3736 valde
1116 3668 1287 3736 contraria.
1332 3667 1427 3735 Unde
1449 3665 1578 3750 qvidam

342 3794 382 3842 ex
404 3775 462 3855 eis,
492 3772 658 3856 crujuadcm
681 3773 802 3839 Kauuti
825 3776 894 3857 ejus
916 3774 1094 3842 adversarii
1118 3774 1307 3841 muneribus
1331 3771 1485 3853 corrupti,
1507 3769 1577 3852 qvi·

343 3878 416 3944 dam
437 3895 514 3945 veru
536 3876 669 3944 malitiae
691 3893 759 3944 suae
783 3878 946 3960 instinctu,
970 3896 1085 3945 novam
1107 3878 1296 3958 religionem
1319 3877 1464 3959 paternis
1487 3871 1577 3938 scili·

342 3989 395 4048 cet
422 3983 550 4064 legibus
578 3981 771 4049 contrariam
799 3990 999 4064 recusantes,
1024 3983 1171 4048 ordinato
1196 3982 1339 4049 exercitu
1360 3980 1393 4046 in
1413 3979 1500 4059 loco,
1523 3973 1578 4062 qvi

341 4104 426 4152 nunc
455 4085 630 4154 Sticbistad
664 4087 847 4170 appellatur
878 4089 1083 4170 ignorantem
1111 4091 1145 4153 et
1173 4085 1192 4152 i
1220 4085 1280 4152 sui
1305 4089 1402 4167 gente
1431 4084 1575 4166 aliqvan·
1610 4104 1644 4154 eu

340 4191 445 4257 tulum
468 4192 643 4259 distantem
665 4193 786 4274 Regem
808 4192 896 4258 bello
918 4191 1092 4272 excipiunt

427 4295 537 4380 [Hesp]
580 4305 684 4363 Iustus
705 4323 778 4364 vero
801 4331 842 4342 -
861 4323 939 4363 eum.
963 4323 1001 4350 ==
1021 4323 1051 4379 p.
1076 4299 1302 4361 teeti-234².

751 4399 806 4480 [Iu
826 4400 964 4464 sumendo
985 4398 1163 4483 noemma}

426 4503 535 4588 [deep]
577 4511 624 4570 Elx
648 4531 705 4588 qvo
728 4512 808 4571 euim
830 4511 1010 4593 purificatus
1039 4515 1106 4571 erat
1132 4510 1255 4570 lavacro
1278 4509 1415 4584 salutari,
1443 4509 1573 4586 repente

340 4619 474 4679 metatus
497 4619 564 4678 erat
584 4615 617 4676 in
638 4615 741 4676 abum.
1609 4623 1647 4671 su
