3668 5348
319 327 323 332 ¹
396 355 437 422 st
819 353 1013 408 naseuntur
1035 353 1198 408 nonaum

395 557 479 604 vum.
524 538 666 619 Pergens
695 540 728 604 in
752 539 963 621 Hyberniam¹
997 541 1174 608 siwardum
1198 559 1292 606 suum
1315 542 1452 608 (luerat
1473 543 1514 606 ad
1537 541 1636 607 Ores·

397 641 480 708 das’.
526 643 655 711 Mortuo
684 651 778 726 patre
807 663 958 710 reversus
984 651 1036 712 est
1057 645 1089 710 in
1109 645 1312 728 Norwagiam
1334 651 1369 712 et
1389 665 1455 710 nna
1476 641 1553 710 rum'
1571 645 1636 712 ira·

396 749 500 816 tribu
523 749 557 814 in
579 765 714 829 regnum
739 747 932 814 sublimatus
954 755 1014 814 est.
1067 749 1187 816 Olavus
1210 751 1307 816 tertio
1331 768 1414 816 anno
1436 755 1512 832 post
1534 751 1636 831 patris

398 854 521 922 obitum
550 853 723 920 immaturo
756 855 861 918 morte
889 859 1073 934 praeventns
1108 873 1147 920 ex
1179 854 1242 920 bac
1270 855 1343 922 luto
1374 855 1562 922 subtrsotus
1585 859 1636 920 est

397 957 585 1040 planxitque
620 975 691 1024 oum
726 959 830 1024 omnis
859 958 1030 1039 Norwagis
1052 977 1101 1038 eo,
1132 961 1217 1040 quod
1247 974 1452 1042 promotum
1476 960 1638 1040 elegantia
1687 973 1704 1020 s

398 1067 433 1127 et
461 1063 623 1128 suavitate
658 1062 776 1144 eloquii
808 1064 933 1128 cunctis
963 1069 1073 1144 gratus
1100 1066 1263 1130 extiterat.
1306 1065 1388 1130 Post
1416 1065 1486 1147 ejns
1513 1065 1637 1130 obitum

399 1169 462 1232 duo
496 1165 613 1232 fratres
646 1183 779 1248 regnum
813 1167 899 1233 inter
931 1185 966 1234 se
996 1169 1184 1234 diviserunt.
1229 1169 1405 1252 Postquam
1431 1188 1508 1236 vero
1532 1172 1639 1251 dugu-

399 1274 504 1339 stinns
537 1277 690 1338 tenuerat
720 1291 854 1356 regnum
888 1275 1137 1356 annisviginti,
1167 1274 1265 1342 rebus
1299 1275 1448 1344 humanis
1470 1273 1637 1358 suessio,

395 1377 571 1460 'tenuitque
590 1375 695 1472 irater
717 1378 787 1462 ejus
808 1375 971 1446 Sinurdus
995 1380 1082 1446 solus
1103 1385 1209 1446 totam
1224 1380 1427 1460 Norwagiam
1450 1381 1542 1449 sanis
1565 1397 1639 1463 sep·

399 1489 476 1550 tem.
531 1481 730 1562 Augustinus
764 1484 873 1550 extitit
902 1483 1067 1566 probitate
1099 1485 1306 1567 conspicuus,
1346 1485 1569 1553 moderatione
1603 1490 1645 1552 et'
1674 1495 1705 1541 1⁰

399 1588 571 1670 prudentia
595 1607 659 1655 non
681 1588 787 1652 minus
811 1605 847 1654 se
870 1588 976 1670 ipsum
998 1608 1095 1671 quam
1118 1588 1285 1672 subjectos
1306 1589 1446 1671 regons⁴,
1469 1609 1528 1656 rex
1548 1590 1637 1672 pooi-

399 1693 493 1775 fious,
515 1713 622 1760 rerum
644 1693 844 1776 publicarum
868 1693 1005 1774 diligens
1028 1695 1283 1774 administrator,
1313 1694 1499 1760 emistianu
1529 1695 1639 1778 religi-

401 1801 472 1867 onis
495 1800 640 1881 odprirne
668 1797 783 1876 cultor,
810 1797 897 1874 unde
921 1803 955 1863 et
976 1799 1168 1866 coenobium
1192 1800 1224 1865 in
1246 1799 1369 1874 bonore
1391 1800 1494 1866 sancti
1517 1799 1638 1866 1116111-

402 1905 462 1970 elis
487 1903 673 1986 archangeli
695 1903 790 1984 juxta
816 1903 1014 1984 Bergensenn
1044 1903 1220 1982 civitatem,
1247 1905 1330 1968 sieut
1353 1903 1512 1970 bautenus
1536 1907 1639 1970 cerul-

400 2015 463 2089 tur,
486 2008 673 2076 constr-ruit.
694 2063 696 2067 .
717 2006 868 2074 AEdificia
896 2008 994 2074 etiam
1024 2025 1126 2090 regno
1157 2007 1311 2090 perutilia
1332 2008 1480 2090 plurimis
1501 2009 1534 2074 in
1556 2007 1638 2074 locis
1673 2021 1704 2066 1⁵
1805 2008 1809 2015 '

402 2114 584 2192 edificavit
606 2118 642 2177 ut
665 2113 821 2195 palatium
844 2112 958 2194 Borpis
980 2114 1108 2180 venusti
1131 2113 1249 2194 operis,
1276 2111 1356 2180 lieet
1376 2113 1527 2192 lignenm,
1550 2113 1639 2195 quod

401 2219 498 2284 modo
528 2235 595 2303 prae
618 2218 720 2283 nimia
739 2221 906 2282 vetustate
928 2235 1022 2300 pane
1044 2215 1221 2298 collapsum
1246 2223 1307 2296 est,
1331 2223 1461 2299 portum
1485 2217 1583 2282 otiam
1605 2217 1639 2286 in
1735 2239 1743 2253 ·

400 2323 481 2402 loco,
501 2323 557 2405 qui
580 2321 699 2388 dicitur
720 2322 899 2403 aginnum,
921 2321 1149 2403 navigantibus
1172 2321 1267 2388 valde
1289 2321 1413 2401 utilem,
1436 2321 1582 2388 imitatus
1605 2323 1637 2387 in

396 2426 458 2493 hoo
472 2427 654 2507 Augustum
668 2425 839 2506 cesarem,
863 2427 918 2508 qui
941 2425 1088 2509 portum³
1103 2425 1282 2490 Brundusii
1304 2444 1400 2506 pune
1423 2430 1494 2491 toto
1518 2427 1637 2492 mundo

394 2530 599 2613 proluturom
630 2529 820 2595 construxit.
870 2531 961 2595 Idem
996 2532 1094 2595 etlam
1123 2531 1290 2611 Angustus
1314 2529 1462 2611 publicos
1485 2531 1554 2596 vias
1578 2548 1637 2611 per
1672 2537 1705 2582 20

394 2634 468 2702 loco
489 2635 580 2718 prius
606 2635 693 2700 invia
715 2639 749 2700 et
770 2633 931 2716 paludoso
954 2635 1045 2701 miris
1068 2634 1251 2716 sumptibus
1275 2635 1315 2700 ad
1339 2633 1513 2700 utilitatem
1537 2635 1637 2700 totius

466 2931 471 2961 ¹
506 2931 536 2980 A.
558 2930 704 2980 Hiberniam
724 2928 775 2978 KS.
832 2927 841 2955 ²
863 2929 888 2978 S.
908 2929 1020 2980 Orcades
1039 2931 1098 2978 nit.
1152 2925 1240 2980 ³AK.
1258 2930 1375 2978 discessit
1393 2929 1421 2979 S.
1474 2925 1529 2979 ⁴8.
1548 2930 1572 2979 Δ
1592 2931 1639 2980 har

393 3036 482 3086 agens,
511 3035 569 3069 men
597 3021 604 3066 i
629 3019 734 3068 Ronden
760 3027 834 3066 rettes
859 3017 900 3066 til:
928 3033 1025 3078 regens,
1051 3017 1146 3066 baillet
1171 3017 1195 3066 K
1218 3026 1302 3066 stetten
1324 3017 1366 3065 ind
1394 3018 1401 3064 1
1429 3017 1527 3067 Textan
1556 3020 1562 3066 1
1590 3019 1637 3068 Pa·

395 3111 496 3162 rentbes
514 3107 579 3158 alter
596 3121 680 3168 agona
718 3101 797 3156 ‘Sli
818 3111 917 3168 portum
938 3105 970 3154 Α.

482 3386 508 3442 7.
553 3377 767 3458 Augustinus]¹
808 3379 870 3442 Det
898 3379 1087 3440 tilsrareude
1120 3379 1235 3455 Sbyklre
1257 3381 1267 3438 i
1290 3361 1389 3455 Agrip
1413 3397 1447 3436 er·
1468 3380 1545 3450 tabu
1567 3397 1635 3436 msa

396 3507 430 3549 er
450 3487 592 3561 bsnyttet
611 3488 621 3544 i
647 3487 684 3545 da
707 3485 882 3560 vidtluitiga
905 3483 1126 3560 Kongaaagaor
1147 3481 1195 3556 (se
1219 3483 1257 3542 de
1278 3484 1424 3560 fulgendo
1445 3478 1568 3554 Notar).

482 3595 510 3650 8.
556 3593 642 3648 aonia
666 3585 785 3665 viginti]
816 3589 955 3648 saaledas
989 3607 1057 3648 maa
1086 3607 1182 3664 ogias
1202 3589 1280 3648 have
1302 3591 1435 3647 staaeti
1458 3587 1636 3646 Lakunsni

396 3683 506 3773 Agrip,
540 3696 586 3754 thi
617 3696 729 3754 Snorre
762 3693 818 3751 har
852 3692 1019 3768 „Eystoinn
1050 3713 1104 3752 ver
1132 3694 1275 3769 lronungr
1299 3695 1337 3752 20
1360 3697 1428 3750 retr
1448 3697 1481 3749 at
1501 3689 1635 3767 lloragi“

397 3794 502 3875 (unni.
525 3794 611 3872 684).
654 3799 782 3874 system
806 3817 840 3856 er
862 3799 961 3856 altssa
982 3798 1046 3864 dud
1070 3797 1149 3856 ande
1172 3801 1249 3874 Aug.
1276 3799 1354 3856 1123
1379 3793 1463 3867 (ikke
1490 3792 1592 3868 1122).

486 3905 532 3964 13.
579 3895 1094 3978 coenobiumlelr.ntorkmsktnna
1114 3895 1216 3962 loon:
1239 3902 1320 3960 boun
1342 3901 1387 3958 lat
1408 3901 1489 3958 reisa
1508 3899 1637 3958 biiobala

397 4007 478 4068 kirki
501 4007 512 4065 1
534 4007 687 4082 Not-baasi
715 4027 752 4066 oo
773 4008 826 4082 gal
848 4007 900 4082 bur
921 4009 954 4068 le
973 4007 1008 4068 til
1030 4006 1287 4066 mvnltolrlaustrs.
1310 4023 1348 4064 oo
1370 4025 1405 4064 ar
1426 4003 1485 4078 bat·
1507 4005 1564 4064 eitt
1592 4003 1639 4062 nit

397 4113 570 4190 negligasta
591 4115 809 4174 sodomama.

486 4219 532 4274 16.
577 4212 735 4292 palatium]
761 4217 815 4278 uir.
839 4218 936 4278 llorlr.
965 4209 1054 4278 166⁹:
1087 4216 1168 4274 hana
1199 4217 1244 4274 let
1275 4233 1350 4291 gara
1376 4213 1494 4274 hollins
1512 4213 1637 4274 mieloi

397 4321 531 4398 Biorgyn
554 4341 587 4378 ar
608 4325 689 4380 meat
709 4340 747 4379 oe
769 4323 865 4400 fragat
886 4322 1030 4398 harbergi
1051 4319 1129 4382 helin
1149 4321 1230 4379 verit
1250 4321 1261 4378 i
1282 4319 1396 4395 Noregi
1429 4319 1460 4378 af
1486 4323 1535 4378 tre
1556 4325 1636 4396 gort.

485 4427 532 4484 17.
577 4418 714 4503 portam]
749 4429 803 4486 afr.
836 4427 936 4488 Mork.
972 4417 1078 4488 ldb¹³:
1133 4424 1283 4500 Epataiau
1315 4424 1458 4500 konungr
1488 4425 1533 4482 lat
1565 4439 1641 4501 gera

395 4529 490 4590 virlrit
509 4529 559 4606 vib
580 4530 723 4607 Agbaoes
743 4551 780 4592 ou
797 4533 889 4606 boin3
913 4533 967 4592 tir.
992 4549 1089 4608 ogias
1110 4529 1223 4590 Snorra
1247 4524 1351 4601 (Eskr.
1377 4524 1472 4600 bill:
1493 4529 1573 4588 haran
1592 4528 1639 4588 lta

396 4635 436 4696 ok
457 4651 532 4713 gera
553 4635 659 4712 kirkju
680 4637 699 4696 t
720 4637 874 4716 Agdenesi
896 4637 936 4697 ok
956 4635 1011 4712 bar
1032 4634 1112 4696 vlrlri
1134 4633 1175 4694 ok
1195 4633 1270 4692 hdfn
1294 4651 1332 4692 er
1350 4632 1403 4692 tur
1423 4651 1479 4694 rar
1500 4632 1592 4702 areli
