3640 5342
389 377 451 452 til

389 590 473 653 cere,
496 576 534 637 ut
550 570 773 654 plenissimum
796 575 830 636 et
849 565 1206 654 superhabundantem¹
1227 563 1375 638 laborum
1394 581 1527 637 sucrum
1546 580 1630 636 mer·

390 676 503 744 cedem
525 678 694 759 reciperet,
719 681 752 741 et
775 677 897 757 Regem
922 678 989 744 Rex
1012 678 1137 744 videret
1159 678 1191 742 in
1216 677 1335 743 decore
1356 694 1425 742 suo.
1471 675 1552 740 Erat
1572 693 1630 740 au·

388 786 455 850 tem
477 781 619 864 quedam
650 799 726 863 pars
750 780 851 864 [illius
873 780 995 862 terret
1024 784 1055 847 in
1079 801 1142 866 qva
1163 781 1260 848 modo
1283 781 1537 847 sacratissimum
1562 798 1631 848 cor·

389 906 450 970 pus
481 887 549 969 ejus
578 886 763 968 reqviescit,
794 887 885 967 quus
912 887 1026 953 incolae
1056 886 1196 953 indurati
1221 891 1256 952 et
1276 889 1459 969 pertinaces
1482 887 1515 951 in
1538 885 1629 952 mali·

387 993 437 1059 tia
458 1010 526 1072 sua,
548 991 698 1058 veritatis
721 995 754 1055 et
777 989 851 1056 ideo
873 990 972 1072 Regis
994 991 1109 1058 hostes
1134 998 1227 1058 erant
1250 990 1444 1058 exorabiles.
1488 991 1523 1056 In
1548 991 1631 1056 hunc
1684 998 1699 1044 s·

389 1099 478 1164 venit
498 1096 698 1179 provinciam
723 1094 842 1160 Christ-i
876 1101 1007 1178 martyr,
1040 1097 1141 1163 forte⁸
1174 1096 1234 1162 Dei
1262 1097 1399 1179 gratiam
1429 1096 1560 1180 populis
1582 1097 1630 1164 in·

390 1201 532 1269 credulis
560 1200 806 1284 predicaturus.
863 1201 932 1279 Qvo
959 1211 1126 1284 comperto
1155 1201 1302 1268 veritatis
1331 1200 1444 1268 hostes
1474 1218 1630 1266 convoca·

389 1312 506 1375 verunt
536 1305 708 1374 concilium
741 1305 920 1387 iniqnitatis
955 1315 989 1372 et
1022 1311 1244 1373 convenerunt
1271 1308 1305 1372 iu
1339 1324 1437 1372 unum
1472 1307 1629 1372 adversus

389 1413 563 1479 Dominum
598 1417 634 1476 et
665 1408 821 1476 adversus
844 1409 1008 1477 Christum
1038 1412 1118 1494 ejus.
1164 1410 1274 1496 ⁴[Erut
1300 1429 1438 1492 namque
1461 1409 1632 1476 salutifera

390 1519 475 1603 ejus⁵
495 1517 686 1601 predicatio
709 1515 803 1599 [ipsis
824 1520 858 1582 et
879 1517 1032 1599 operibus
1056 1515 1184 1583 sotumi
1204 1516 1298 1582 ualde
1320 1515 1491 1581 contraria.
1536 1513 1630 1582 Unde
1668 1520 1700 1563 ¹⁰

390 1623 519 1708 qnidam
550 1639 590 1689 ex
619 1621 667 1686 eis
697 1621 864 1704 cujusdam
893 1620 1007 1688 Canuti
1037 1623 1107 1703 ejus
1139 1620 1316 1687 aduersarii
1344 1621 1534 1686 muneribus
1560 1638 1630 1685 cor-

389 1731 487 1814 rupti,
515 1728 644 1811 qnidum
673 1743 750 1792 vero
778 1725 881 1792 solius
903 1726 1035 1792 malitie
1058 1727 1222 1807 instinctu,
1247 1725 1304 1792 sed
1327 1731 1362 1791 et
1382 1742 1498 1792 nouom
1522 1724 1630 1807 religi·

389 1849 495 1914 onem,
517 1832 664 1914 paternis
685 1830 824 1897 scilicet⁷
852 1831 979 1913 legibus
1004 1832 1209 1910 contrariam,
1239 1829 1403 1915 suscipere
1431 1835 1631 1912 recusantes,

390 1937 539 2004 ordinato
564 1937 763 2002 exercituin
790 1936 863 2002 loco
894 1937 947 2018 qvi
977 1956 1061 2002 nunc
1083 1935 1328 2001 Stielastatber⁸
1355 1935 1547 2018 appellatur,
1572 1935 1631 2020 [ig-

390 2045 559 2109 norantem
591 2048 625 2108 et
653 2061 672 2106 a
702 2060 762 2107 sua
791 2045 889 2123 gente
917 2041 1150 2122 aliquantulum
1176 2040 1374 2120 distantemi,
1397 2040 1484 2105 bello
1508 2041 1630 2123 excipi·
1669 2057 1699 2100 rs

389 2153 458 2215 unt.
503 2146 567 2214 Sed
596 2146 835 2213 illustrissimus
859 2146 991 2228 Martyr,
1023 2145 1075 2226 qvi
1106 2152 1195 2213 totus
1223 2162 1402 2228 suspensus
1432 2145 1463 2210 io
1489 2146 1632 2211 colestia
1806 2227 1807 2238 ἵ

389 2271 450 2336 per
481 2251 628 2334 martyrii
661 2270 812 2318 coronam
842 2251 919 2316 illuc
945 2249 1145 2332 pervenire¹⁰
1174 2250 1296 2317 intimis
1319 2248 1529 2316 desiderabat
1549 2267 1631 2333 prae-
1729 2285 1738 2303 ·
1806 2249 1807 2310 ζ

391 2357 523 2438 curtilis,
546 2377 567 2422 u
590 2356 675 2422 lacis
710 2356 927 2422 multitudinis
961 2373 1023 2420 non
1058 2356 1176 2421 timuit.
1232 2353 1383 2420 imminet
1415 2354 1464 2420 illi
1499 2355 1630 2434 bellum,

390 2462 476 2546 qvod
498 2467 625 2528 amator
646 2461 738 2542 pacis
763 2479 897 2527 securus
920 2461 1075 2543 suscepit,
1100 2478 1158 2541 pro
1177 2459 1307 2542 iustitio
1326 2465 1361 2523 et
1379 2460 1532 2540 aequitate
1551 2472 1632 2540 pug·
1806 2519 1807 2524 ,

389 2573 534 2634 naturum.
579 2566 731 2632 Exercitu
754 2584 900 2649 namque,
925 2573 1076 2648 quantum
1107 2566 1139 2630 io
1167 2563 1255 2629 brevi
1279 2563 1397 2646 potuit,
1421 2569 1627 2644 congregato,
1666 2576 1700 2622 ao
1806 2583 1807 2650 ι

391 2671 502 2738 obviat
524 2671 672 2736 inimicis.
724 2671 824 2737 Porro
854 2671 1021 2748 Dominus,
1049 2673 1100 2752 qvi
1131 2669 1263 2752 Martyri
1299 2687 1359 2735 suo
1391 2686 1451 2751 pro
1485 2687 1546 2749 qvo
1580 2671 1632 2732 tot

390 2793 512 2858 agones
544 2776 734 2859 pertulerat,
769 2777 951 2842 mercedem
986 2776 1124 2842 reddere
1158 2778 1192 2839 et
1226 2773 1362 2854 gloriam
1397 2790 1500 2851 suom,
1536 2789 1630 2853 qvam

391 2882 512 2947 diutius
541 2886 577 2948 et
604 2881 729 2946 avidius
754 2881 892 2960 sitierat,
915 2882 981 2964 jam
1007 2880 1151 2946 revelare
1175 2880 1373 2959 decreverat,
1395 2882 1433 2942 ut
1455 2877 1630 2958 gloriosius

307 2986 309 2995 ’
391 3004 464 3052 eum
488 2993 670 3064 coronaret,
701 2987 879 3067 iniquorum
900 2985 1018 3069 jaculis
1040 2985 1218 3066 gloriosum
1243 2988 1415 3064 martyrem
1439 2982 1630 3048 occumbere

388 3091 546 3174 permisit.
592 3090 753 3156 Occubuit
775 3097 882 3155 autem
906 3096 1019 3171 quarto
1043 3089 1205 3154 Kalendas
1231 3087 1376 3168 Augusti,
1400 3086 1481 3152 feria
1503 3091 1629 3168 quarta,
1667 3098 1700 3142 ²⁵

389 3193 565 3260 Millasimo
599 3199 633 3258 et
666 3195 819 3276 vigesimo
851 3204 964 3260 octone
992 3213 1075 3259 anno
1105 3193 1145 3259 ab
1174 3193 1396 3258 incarnatione
1419 3192 1548 3256 Domini
1572 3209 1630 3273 pro

389 3299 465 3366 fidei
489 3299 688 3379 defensione,
712 3299 752 3363 ab
776 3301 913 3364 inimicis
935 3298 1012 3364 fidei
1036 3299 1211 3364 cmdeliter
1232 3297 1462 3378 interemptus:
1492 3296 1632 3362 icliciter

390 3405 431 3471 dc
455 3405 571 3472 castris
596 3404 635 3468 ad
666 3410 786 3471 eterne
815 3405 902 3485 regis
932 3405 1063 3486 palatia,
1094 3404 1134 3468 de
1164 3402 1250 3468 bello
1273 3403 1418 3482 migrans
1442 3401 1483 3466 ad
1506 3419 1631 3482 pacem,

357 3583 360 3588 ,
390 3528 460 3592 quse
494 3514 652 3592 exuperat
684 3527 813 3574 omnem
846 3527 986 3588 sensum,
1027 3509 1067 3572 ad
1101 3507 1230 3574 leudem
1269 3513 1303 3572 et
1336 3507 1470 3589 gloriam
1501 3505 1630 3571 Domini

389 3615 493 3681 nostri
516 3614 593 3681 Iesu
616 3612 744 3695 Christi,
775 3615 825 3678 cui
855 3619 906 3678 est
928 3613 1033 3678 bonor
1060 3617 1096 3678 et
1123 3613 1227 3695 gloria
1248 3613 1280 3678 in
1303 3611 1415 3678 secula
1435 3611 1629 3678 seculorum.
1668 3637 1703 3681 ao
1806 3695 1807 3706 ἵ

390 3721 504 3787 Amen.

460 3921 515 3978 ¹0.
528 3923 740 3987 superbslreniem
759 3924 790 3978 A.
826 3923 885 3978 ²0.
902 3929 977 3974 terre
994 3923 1065 3975 illisu
1083 3924 1114 3972 A.
1151 3921 1207 3974 Ὀ.
1225 3921 1326 3973 fortiter
1343 3923 1375 3972 Δ.
1410 3919 1486 3970 ⁴lrar
1502 3920 1633 3987 bagyndcr

389 4012 420 4062 L.
437 4009 504 4062 v111
521 4014 530 4062 i
549 4013 576 4064 0.
631 4011 736 4062 ⁵Beati
760 4013 844 4076 itaqve
869 4015 986 4080 martyris
1009 4011 1142 4062 salutifera
1165 4012 1193 4064 0.
1246 4011 1365 4060 ‘eorum
1389 4009 1508 4074 operibus
1531 4015 1585 4059 erat
1602 4009 1632 4064 G.

390 4100 447 4152 ⁷0.
466 4101 517 4150 auis
535 4103 566 4150 Δ.
603 4098 793 4150 eStiolsutodis
812 4100 840 4150 0.
876 4100 932 4154 ⁹0.
951 4105 1065 4150 sanctum
1085 4101 1117 4153 A.
1157 4097 1241 4149 ¹⁰ber
1258 4099 1336 4150 endan
1353 4099 1381 4152 C.
