3668 5348
389 381 429 444 84
483 371 489 382 '
804 377 971 434 maroam
997 381 1208 436 nonnam
1327 407 1332 414 -

388 564 638 630 addentantibus
665 566 793 631 servulo
823 567 950 633 catellis
971 568 1097 651 objecto
1121 585 1215 634 aecus
1238 565 1413 633 fenestram
1442 567 1555 633 relicto
1588 585 1625 633 se

389 669 481 750 quasi
507 669 636 735 domum
660 687 732 736 cum
756 672 891 754 conjuge
915 679 948 736 et
969 673 1087 738 catulis
1108 671 1155 756 [in
1178 670 1336 738 infimum¹
1359 671 1485 737 confert
1504 671 1624 737 latibu-

388 771 465 851 lum,
489 774 575 840 unde
599 774 678 840 sibi2
710 776 874 856 adaquas
908 775 1041 842 liberior
1074 781 1189 859 pateat
1219 777 1344 858 aditus;
1376 777 1450 858 plus
1479 777 1624 842 enimin

387 875 609 966 lymphaticis·³
640 899 735 961 qoam
766 882 799 946 in
828 881 1041 948 terrestribus
1070 881 1204 947 confidit
1226 881 1396 947 meatibus.
1440 880 1524 945 Dum
1548 897 1625 946 vero

349 985 367 1012 ⁸
386 1001 446 1064 pro
479 983 671 1050 hiemalibus
705 985 866 1050 alimoniis
900 985 1132 1066 congregandis
1165 986 1237 1074 plps
1265 986 1496 1065 insudaverint,
1519 986 1623 1050 ulmos

386 1089 595 1169 pregrandes
627 1089 779 1154 dentibus
808 1090 1076 1158 circumcidentes
1107 1089 1214 1173 (cnjus
1237 1089 1362 1155 arboris
1384 1091 1502 1155 subere
1524 1087 1625 1156 liben-

387 1192 511 1258 tissime
551 1197 741 1270 vescuntur)
782 1193 909 1260 servulo
950 1213 1010 1260 auo
1051 1193 1181 1276 supino⁴
1228 1195 1446 1261 anterioribus
1487 1195 1624 1278 pedibus

386 1297 503 1362 fustem
527 1297 650 1363 tenenti
681 1299 928 1379 superponunt,
964 1301 1077 1382 sicque
1106 1298 1180 1364 illo⁶
1210 1318 1270 1381 pro
1299 1300 1459 1382 vectigale
1492 1295 1623 1366 utentes

387 1421 534 1484 magnam
564 1403 689 1484 copiam
714 1403 842 1469 donnum
866 1404 1070 1484 contrahunt,
1094 1405 1157 1486 ipsi
1179 1405 1299 1470 fustem
1323 1403 1473 1469 rictibus*
1495 1407 1625 1487 capien-

386 1514 437 1573 tes
460 1507 622 1588 utrimque
645 1507 789 1588 bajulum
812 1509 970 1574 trahendo
993 1509 1284 1596 amminiculantur.
1330 1509 1390 1573 Est
1409 1509 1494 1574 enirn
1518 1511 1621 1592 quod·

386 1611 459 1678 dam
476 1612 672 1694 ¹caustorum8
695 1631 805 1694 genus
837 1614 955 1679 servile
977 1613 1116 1679 minimi⁹
1148 1615 1245 1696 pretii
1281 1618 1315 1680 et
1344 1613 1389 1679 'ob
1419 1612 1622 1696 frequentem

453 1851 516 1906 ¹1¹.
534 1855 571 1906 inl
590 1857 657 1906 simia
674 1856 721 1907 Cd.
764 1852 868 1908 ’last
887 1857 933 1907 Cd.
980 1854 1038 1930 ³¹13.
1057 1860 1195 1924 lymphatis
1215 1859 1261 1908 Cd·
1307 1856 1415 1910 ‘ratisb
1450 1861 1559 1923 sappino
1576 1857 1622 1910 Cd.

299 1957 304 1968 ·
385 1939 451 1993 ‘bt
470 1952 617 2008 supponunt
634 1944 681 1996 Cd.
732 1940 796 1994 ⁸M.
815 1946 850 1996 illi
870 1944 920 1997 Od.
969 1942 1032 1996 'bl
1052 1947 1161 1996 nectibus
1179 1947 1225 1998 Cd.
1246 1945 1315 2006 (ikke
1332 1949 1439 1998 rettibns
1457 1946 1513 2008 M.).
1557 1941 1622 1996 Ἦ.

383 2041 522 2082 castrorum
541 2031 588 2082 cd.
625 2025 737 2082 ⁹rettet·
772 2033 844 2096 nimij
863 2033 912 2114 βά.

267 2339 269 2344 Ι
383 2255 552 2316 'l'oeuderna
576 2261 660 2316 storo
682 2257 845 2315 Almetraer
872 2258 905 2315 at
932 2253 1030 2328 (detta
1053 2219 1137 2316 Tres
1160 2258 1241 2316 Barla
1265 2259 1366 2332 spiser
1393 2256 1430 2315 de
1460 2251 1553 2326 helst)
1583 2273 1623 2330 og

382 2361 497 2437 legger
530 2362 597 2420 dem
631 2381 672 2438 op
706 2381 766 2438 pas
795 2364 841 2420 sin
872 2360 962 2434 Trael,
997 2381 1061 2421 som
1089 2363 1188 2438 ligger
1217 2380 1277 2438 psa
1298 2360 1421 2437 Ryggsn
1453 2380 1493 2437 og
1514 2360 1623 2419 holder

384 2465 522 2525 stoeben
546 2469 555 2524 i
577 2467 780 2544 Forpoterne,
809 2485 849 2542 og
870 2467 936 2524 idat
958 2467 996 2524 de
1019 2466 1160 2524 saaledes
1182 2467 1296 2542 bruger
1317 2465 1446 2524 Traellen
1467 2466 1504 2523 til
1526 2463 1622 2541 Vogn,

382 2570 519 2630 trekkar
541 2572 578 2630 ds
601 2589 637 2629 en
661 2575 727 2630 stoa·
744 2571 885 2647 Moengde
908 2571 999 2647 hjsm,
1021 2571 1087 2630 idat
1110 2571 1148 2630 de
1172 2571 1290 2630 bideri
1315 2569 1453 2628 Stokken
1479 2589 1518 2646 og
1539 2569 1622 2644 hjael-

383 2695 440 2753 per
461 2675 613 2736 hinanden
637 2677 707 2735 med
729 2679 762 2734 at
782 2675 899 2735 trelrlra
922 2675 1065 2734 Trellen.

430 2759 432 2762 Ι
471 2783 496 2839 l.
541 2773 794 2860 addentautibus]
830 2782 884 2840 cir.
911 2781 977 2838 ital.
999 2781 1148 2838 addentem
1167 2778 1330 2850 bide‚'her
1361 2779 1426 2838 val:
1460 2783 1529 2836 true
1553 2777 1621 2836 med

382 2885 550 2944 Tendarne
572 2881 648 2962 (ej).
692 2885 846 2961 Muligena
870 2886 933 2960 dog
953 2885 1018 2944 Feil
1042 2885 1090 2942 lor
1111 2883 1358 2942 adventantibus.

464 2993 495 3048 a.
540 2981 712 3068 vectigale}
727 2993 747 3048 i.
771 3008 797 3047 a.
820 2989 960 3048 vehiculo
984 2981 1053 3060 (ll).

469 3095 517 3152 11.
564 3095 716 3171 quoddam
738 3085 849 3170 genus]
869 3093 934 3151 sml.
957 3093 1091 3152 Annales
1103 3093 1285 3150 Lundenaes
1308 3086 1469 3165 (Nordalb.
1489 3091 1617 3150 Studien

383 3199 416 3271 V,
436 3195 503 3269 26):
526 3199 604 3258 vidit
625 3199 801 3274 lymbiieros
824 3201 888 3255 tres
908 3197 992 3273 ligna
1016 3197 1206 3274 colligentes,
1231 3215 1357 3272 quornm
1380 3215 1459 3254 unus
1484 3197 1536 3272 qni
1558 3213 1620 3253 ser·

383 3323 437 3364 vus
462 3303 583 3377 dicitur,
607 3323 650 3360 so.
673 3303 970 3378 Byaevvoertlrroel‚
999 3305 1134 3361 extensis
1156 3300 1288 3377 pedibus
1312 3302 1476 3376 resupinus
1500 3299 1538 3358 ad
1560 3305 1621 3358 ter-

383 3427 445 3466 ram
468 3408 588 3479 cecidit,
621 3407 668 3466 cui
700 3407 746 3465 illi
777 3406 837 3465 duo
868 3409 950 3466 inter
979 3427 1069 3466 crura
1090 3408 1156 3481 ejus
1178 3407 1262 3481 ligna
1283 3411 1453 3478 congerunt
1474 3405 1620 3481 illumque

290 3515 300 3530 “
383 3515 470 3589 quasi
502 3513 597 3572 boves
626 3511 837 3587 praecedentes
864 3515 1032 3570 traxerunt.
1085 3511 1157 3570 sml.
1181 3527 1276 3584 ogsaa
1304 3508 1449 3567 Albanius
1478 3509 1619 3586 Magnus,

383 3617 420 3675 de
445 3621 564 3675 castora
589 3611 640 3686 (de
663 3615 852 3674 Animalibus
873 3616 925 3677 lib.
949 3606 1155 3688 XXllgtract.
1177 3613 1217 3684 11,
1241 3629 1307 3689 cap.
1334 3607 1382 3680 ll:
1427 3613 1490 3674 Hoc
1509 3615 1620 3673 animal

383 3721 474 3780 dente
498 3720 605 3796 dejicit
630 3721 703 3778 satis
731 3725 913 3780 mensurate
943 3722 1122 3797 quantitatis
1150 3717 1292 3776 arbores·
1306 3721 1338 3774 st
1360 3737 1447 3777 casae
1471 3721 1620 3778 construit

381 3826 412 3882 in
436 3827 512 3900 ripis
532 3841 679 3900 equarum
702 3829 772 3882 ente
795 3831 885 3884 antra
905 3827 935 3883 in
959 3825 1069 3902 quibus
1092 3823 1229 3882 habitat:
1265 3838 1340 3897 ques
1369 3825 1459 3880 etiarn
1488 3823 1619 3882 bicame-

380 3932 465 3987 ratas
486 3928 535 3986 vsl
557 3929 768 3988 tricameratas
793 3948 859 3989 cum
883 3930 1004 3989 solariis
1027 3929 1109 3999 iacit,
1133 3932 1168 3985 nt
1191 3929 1349 3984 crescente
1371 3946 1451 4002 aqua
1472 3912 1630 3986 escendat

380 4033 429 4091 vel
457 4033 632 4092 descendet.
685 4033 886 4110 comportans
920 4039 1020 4092 antem
1052 4033 1137 4108 ligna
1167 4030 1207 4088 ad
1240 4030 1415 4106 hujusmodi
1448 4036 1619 4091 structuras

345 4169 346 4174 κ
381 4137 496 4196 dicitur
516 4139 697 4214 peregrinos
726 4143 862 4197 castores
893 4139 933 4196 ad
959 4137 1137 4197 servitutem
1159 4121 1355 4211 redigereet
1376 4137 1543 4211 resupinos
1565 4137 1618 4195 im·

379 4241 491 4315 positia
513 4243 594 4300 inter
617 4261 706 4300 crura
725 4242 816 4319 lignis
836 4261 929 4318 super
942 4245 1078 4300 ventrem
1099 4240 1262 4315 diligenter
1285 4241 1401 4315 aptatis
1421 4239 1618 4313 parcendam

331 4355 336 4366 '
381 4345 420 4404 ed
441 4345 541 4404 locum
564 4345 683 4404 edificii
705 4346 827 4403 trahere
856 4350 887 4404 et
909 4347 953 4404 sic
976 4346 1081 4405 domos
1104 4347 1255 4402 extruere.
1300 4342 1373 4402 Sml.
1406 4343 1544 4402 desudem
1569 4345 1618 4404 Gi·

379 4449 459 4508 raldi
481 4449 674 4509 Oembrensis
697 4450 913 4526 Topographia
933 4450 1086 4510 Hibernioe
1109 4450 1133 4521 1,
1153 4449 1296 4508 as-ab:
1331 4447 1460 4519 Quidam
1483 4451 1561 4507 enim
1581 4467 1619 4507 ex

377 4553 426 4612 his
450 4551 494 4626 (o:
517 4551 611 4626 taxis)
635 4558 750 4612 naturae
773 4554 901 4629 imperio
922 4555 1036 4613 servire
1054 4555 1165 4630 parati,
1188 4557 1301 4609 terram
1324 4551 1362 4610 ab
1385 4553 1452 4610 aliis
1475 4553 1617 4612 effossam

365 4661 538 4734 ‚sanesque
559 4659 669 4734 supino
691 4659 865 4734 impositam
889 4662 1020 4734 quatuor
1042 4659 1174 4734 pedibus
1200 4655 1449 4733 complectentes,
1472 4659 1618 4738 lignoque

1818 4513 1824 4607 l

1820 4637 1823 4684 l
