3650 5348
261 429 267 442 ,
339 377 505 432 HISTORIA
521 377 569 430 DE
586 377 823 436 ereremum
840 379 965 431 REGUM
982 375 1296 432 Nouwsolurtsmrt.
1378 383 1420 444 47

185 581 257 644 gem
280 562 394 644 italie,
416 563 503 646 quod
525 563 734 630 vehementer
756 563 924 648 displicuit
945 563 1073 630 Oarolo.
1117 563 1185 629 Iste
1218 583 1275 629 rex
1297 565 1420 647 Longo·
1537 543 1539 548 ¹
1587 533 1589 538 ⁵

184 667 358 733 bardorum
381 667 515 734 multum
539 667 653 734 afflmit
675 669 853 734 Romanam
887 668 1068 749 ecclesiam,
1091 669 1173 734 adeo
1196 675 1234 734 ut
1255 669 1419 736 dominnm

184 789 301 854 papam
323 771 480 838 inclusum
492 773 602 854 Papie
621 773 798 840 obsideret.
839 774 875 839 ln
892 774 953 838 hac
975 789 1052 853 ergo
1075 773 1272 839 necessitate
1294 774 1419 855 positus

185 875 334 942 dominus
351 895 437 959 papa
459 877 547 942 misit
567 876 680 943 literas
703 878 947 961 deprecatorias
970 878 1012 943 ad
1024 877 1174 944 Carnium
1194 893 1302 958 regem
1321 873 1420 941 Fran·

131 989 148 1036 ὅ
184 981 251 1060 cia,
281 981 430 1047 audierat
458 981 542 1048 enim
566 1001 639 1047 eum
662 983 809 1065 ingenuae
832 981 951 1049 indolis
968 983 1130 1064 juvenem.
1176 980 1324 1047 Postulat
1345 997 1419 1046 eum

182 1083 353 1152 subuenire
380 1085 541 1152 laboranti
570 1087 729 1155 ecclesie:
763 1087 842 1152 nihil
870 1087 933 1152 sibi
959 1087 1141 1166 germanius
1162 1083 1232 1152 lore
1255 1103 1351 1168 qnam
1372 1086 1419 1150 la-

182 1189 351 1256 borantem
379 1195 564 1256 sustentare
587 1195 732 1271 matrem,
757 1191 898 1257 obedire
916 1209 988 1257 eum
1012 1195 1174 1272 oportere,
1197 1194 1314 1272 utpote
1337 1190 1420 1256 chri·

182 1293 321 1359 stiannm
350 1311 459 1376 regern
489 1313 615 1361 summo
643 1296 798 1377 pontifici,
833 1313 870 1361 oe
899 1296 933 1360 in
961 1296 1099 1360 maximo
1121 1295 1269 1377 periculo
1300 1295 1419 1360 consti·

181 1403 287 1464 tutum
310 1397 364 1466 die
381 1401 543 1481 noctuque
567 1399 636 1481 ejus
657 1400 841 1482 prestolari
864 1398 1047 1480 adventum,
1070 1400 1245 1466 accelerari
1265 1405 1419 1482 oportere

112 1519 147 1568 ro
181 1503 355 1584 negotium,
388 1504 488 1584 quod¹
521 1503 676 1570 alimenta
710 1501 799 1572 sunt²
827 1504 860 1568 in
892 1503 980 1579 breui
1016 1503 1174 1571 defutura.
1224 1496 1284 1570 His
1313 1505 1419 1570 literis

182 1607 326 1690 acceptis
349 1607 493 1688 Carolus,
523 1609 693 1691 quominus
718 1609 787 1691 jam
813 1608 1098 1691 praemeditaretur
1121 1609 1358 1691 expeditionem
1382 1609 1415 1674 in

181 1709 362 1792 Saxonianu,
396 1729 469 1792 que
503 1712 610 1778 adhuc
643 1712 700 1779 illo
732 1713 765 1778 in
797 1718 945 1794 tempore
978 1711 1155 1778 idolatrioe³
1190 1712 1300 1779 dedita
1335 1717 1414 1794 erat,

181 1815 262 1882 mira
284 1815 453 1882 celeritate
474 1817 636 1883 contraxit
655 1817 841 1897 exercitum,
865 1819 966 1883 atroci
996 1817 1066 1898 lege
1095 1817 1263 1900 proposita
1294 1818 1418 1883 cunctis

180 1919 390 2002 principibus,
412 1921 440 1984 si
461 1921 534 2002 quis
554 1924 633 2003 post
650 1921 719 2004 eius
737 1920 938 1988 abscessum
959 1925 1188 1988 remoraretur.
1231 1907 1419 1992 Incredibili

113 2047 146 2092 ra
181 2042 258 2105 ergo
287 2028 322 2092 et
345 2025 514 2106 inopinata
541 2025 777 2092 acceleratione
799 2025 1030 2092 transscensis⁶
1050 2025 1187 2107 Alpibus
1211 2061 1247 2072 -
1271 2031 1309 2090 ut
1338 2025 1418 2091 illud

180 2127 302 2194 Lucani
326 2128 496 2209 aptissime
518 2128 549 2194 ei
569 2129 679 2211 possit
700 2129 889 2196 convenire:

347 2231 415 2298 Iam
437 2233 551 2314 rapido
574 2251 669 2298 cursu
692 2232 800 2298 cesar
822 2239 1033 2315 superaverat
1053 2233 1152 2317 Alpes
1174 2271 1216 2281 -·

179 2333 1417 2420 improuisusadluitnecfamaquidempraeeuntedispositaqueacieobsidi·
1533 2373 1541 2386 ·

180 2456 242 2506 one
253 2440 353 2506 cinxit
365 2441 539 2505 exercitum
553 2441 637 2523 regis
651 2441 964 2523 Longobardorum⁶,
988 2442 1036 2506 ita
1047 2447 1083 2506 ut
1094 2441 1190 2506 miro⁷
1207 2446 1241 2507 et
1252 2441 1417 2507 rarissimo
1535 2515 1547 2540 ο

110 2573 145 2618 20
180 2543 328 2624 exemplo
350 2543 457 2608 nullus
478 2549 606 2625 pateret
628 2543 736 2626 effugii
752 2544 845 2611 locus
865 2546 921 2626 illi,
946 2547 999 2628 qui
1022 2545 1112 2626 prius
1131 2545 1213 2610 alios
1231 2546 1418 2612 incluserat.

178 2645 272 2726 Quod
294 2654 331 2713 nt
358 2649 500 2712 innotuit
526 2647 608 2729 urbi,
636 2651 775 2714 maximo
805 2648 923 2730 gaudio
946 2649 1079 2732 perfusa
1100 2654 1151 2715 est
1182 2651 1294 2716 civitas
1323 2669 1419 2731 aper-

177 2751 287 2832 tisque
308 2751 413 2835 portis
434 2753 571 2819 viriliter
593 2754 749 2820 invadunt
770 2753 985 2820 adversarios.
1025 2751 1154 2819 ⁰Carolo
1173 2753 1251 2819 foris
1271 2756 1415 2836 urgente,

178 2857 352 2938 oppidanis
381 2856 437 2922 ab⁹
465 2857 552 2922 intus
582 2857 789 2938 instantibus,
819 2863 910 2923 totus
941 2859 1102 2924 exercitus
1125 2858 1413 2939 Langobardorum

179 2964 214 3025 et
239 2959 434 3042 subjugatur
456 2965 489 3026 et
511 2961 570 3026 sub
588 2963 704 3044 jugum
726 2961 876 3027 mittitur.
920 2961 987 3026 Rex
1015 2961 1085 3044 ipse
1114 2961 1313 3028 catenatus¹⁰
1340 2967 1415 3028 anta

110 3077 143 3124 aa
177 3063 279 3143 pedes
302 3063 422 3128 domini
443 3082 538 3146 pape
561 3065 741 3147 adducitur,
760 3083 824 3130 non
849 3067 943 3131 datur
965 3067 1101 3147 imperio
1125 3066 1186 3132 sed
1206 3070 1243 3130 ut
1260 3065 1439 3147 nequent

177 3169 229 3230 ter
255 3171 479 3248 promeruerat
508 3168 641 3250 plebis¹¹
671 3169 855 3252 opprobrio.
907 3169 1041 3235 Carolus
1070 3189 1127 3235 rex
1159 3170 1297 3251 requirit
1319 3189 1338 3236 a
1360 3170 1416 3234 do·

178 3269 263 3335 rnino
290 3290 385 3354 papa,
408 3273 488 3354 quid
511 3273 625 3354 jubeat
652 3273 692 3338 de
720 3273 775 3338 illo
803 3273 884 3338 fieri.
935 3275 1093 3339 Dominus
1115 3292 1202 3356 papa
1224 3274 1415 3354 simpliciter

177 3375 361 3456 respondit:
406 3377 476 3458 Ego
508 3395 572 3444 non
606 3377 808 3459 corporalem
841 3378 897 3443 sed
928 3378 1130 3458 spiritualem
1157 3376 1227 3442 fero
1255 3377 1412 3458 gladium3

178 3479 255 3543 mihi
269 3478 399 3560 suflicit,
420 3481 448 3546 si
467 3481 520 3562 jus
543 3499 635 3548 suurn
659 3485 693 3546 et
709 3487 901 3562 patronatus
920 3480 1069 3548 acclesiae
1087 3482 1250 3563 reddatur,
1270 3483 1297 3547 si
1314 3482 1413 3549 beato

110 3607 145 3652 so
178 3581 274 3647 Petro
297 3601 358 3649 sua
378 3585 599 3650 restituantur.
646 3583 762 3669 [Tuum
786 3589 847 3664 est,
871 3583 1014 3667 inquit,¹²
1037 3585 1202 3652 carissime
1222 3583 1279 3665 fili,
1302 3587 1414 3654 decer·

178 3705 266 3768 nere,
287 3694 396 3753 utrum
428 3687 554 3770 regium
587 3707 704 3754 nomen
732 3691 766 3755 in
795 3690 890 3756 Italia
917 3707 1108 3772 permanere
1138 3689 1266 3770 debeat,
1289 3707 1328 3757 ex
1350 3707 1413 3772 quo

180 3789 410 3858 Constantinus
431 3791 517 3858 lilius
537 3791 671 3857 Helene
691 3794 732 3857 ad
754 3794 909 3860 bonorem
932 3794 1052 3858 domini
1074 3794 1177 3860 nostri
1196 3794 1275 3858 Jesn
1292 3792 1414 3858 Christi

179 3893 260 3959 illud
282 3895 445 3962 abdicavit
474 3901 507 3962 et
535 3896 632 3961 beato
656 3897 754 3962 Petro
777 3915 814 3963 ac
834 3897 981 3963 Romano
1005 3897 1150 3978 pontifici
1173 3899 1278 3980 injus
1299 3915 1415 3979 perpe·

251 4067 257 4096 ¹
280 4070 349 4146 sileat
366 4069 375 4119 i
392 4070 418 4122 Δ
437 4067 612 4132 (ihrentheo)
632 4070 710 4134 ogit
745 4065 827 4122 Ἀθ.
845 4067 870 4118 Κ
888 4077 966 4120 retter
984 4070 1012 4118 til
1030 4071 1089 4120 aiut
1126 4067 1198 4120 'Aa
1212 4070 1360 4120 idololatriae
1379 4069 1413 4118 K.

179 4151 268 4206 *ΑΚ
285 4157 417 4208 abcessum
434 4157 462 4208 S.
506 4153 517 4186 ⁶
541 4157 593 4210 SR.
620 4158 774 4208 transaoelaia
801 4155 829 4218 (ll
858 4158 890 4206 Δ.
935 4152 946 4182 ⁸
971 4155 998 4206 S.
1024 4157 1210 4220 Longobardia
1229 4155 1287 4207 ΑΚ.
1332 4151 1412 4206 Ἀθ.

180 4246 240 4294 mire
258 4243 290 4292 K·
331 4239 385 4296 ’Κ
411 4245 561 4309 indakyder:
589 4245 629 4296 Et
674 4239 762 4294 'Ait
783 4254 809 4295 et
825 4243 851 4294 S.
893 4241 917 4271 ¹⁰
939 4244 992 4295 As.
1010 4253 1115 4295 cetam
1134 4242 1206 4306 (llll.
1247 4241 1270 4270 ¹⁸
1291 4243 1325 4292 K.
1351 4239 1414 4305 (ple-

180 4357 228 4419 bis)
243 4359 269 4411 S.
289 4360 388 4410 Ahar.-
413 4321 471 4428 plar'a
490 4357 517 4422 (l.
536 4359 635 4424 plebia).
676 4358 698 4389 '¹
719 4359 745 4411 S.
763 4362 847 4412 Tuam
866 4361 949 4426 inquit
966 4372 1004 4412 eat
1022 4363 1082 4412 ΔΚ.

266 4533 313 4590 lo.
357 4523 487 4606 Lucani]
509 4529 685 4592 Pharsalica
704 4531 728 4604 1,
755 4531 828 4590 183:

372 4637 434 4695 Iam
457 4635 619 4713 gelidae
642 4633 744 4696 Caesar
767 4655 857 4696 cursu
880 4639 1077 4713 superaverat
1100 4631 1204 4710 Alpes.
