3640 5342
367 333 430 396 aot

368 512 542 580 Christum
602 512 685 578 Erat
715 529 854 595 namque
887 513 957 578 eius
993 509 1143 576 doctrina
1175 505 1329 592 oporibus
1363 521 1475 573 eorum
1508 501 1604 570 vaide

368 618 539 686 contraria.
592 617 673 682 Nam
703 618 835 699 quidam
867 616 1035 698 cujusdam
1057 613 1178 680 Kanuti
1200 613 1377 679 adversarii
1399 611 1470 693 ejus
1493 625 1605 674 munc-

366 723 457 789 ribus
487 721 638 804 corrupti,
673 722 804 804 quidam
826 722 960 804 propria
981 718 1110 785 malicia
1131 719 1260 785 accensi
1283 734 1399 784 novam
1420 715 1528 796 legem
1546 729 1605 796 pa-

367 827 468 894 ternis
490 828 617 909 legibus
649 827 844 893 contrariam
865 831 1067 903 recusantes,
1100 823 1248 889 ordinato
1281 821 1425 888 exercitu
1457 819 1489 884 in
1522 818 1605 899 loco,

368 932 424 1014 qui
455 951 539 998 nunc
572 932 689 998 dicitur
722 930 932 1009 Stilrelstade,
963 947 1075 1010 regem
1108 927 1194 994 bello
1228 929 1432 1010 exceperunt.
1477 923 1603 1002 Quibus
1657 927 1673 974 ⁶

367 1036 423 1101 ille
445 1055 517 1102 com
537 1036 652 1118 paucis
674 1053 848 1102 occurrens
878 1034 1044 1113 occubuit,
1074 1051 1133 1115 pro
1167 1029 1340 1113 temporali
1361 1047 1462 1112 regno
1485 1029 1605 1112 accipi-

367 1156 425 1207 ens
449 1146 597 1207 eternum
626 1141 673 1224 iiij
707 1140 871 1208 Kalendas
894 1139 1161 1222 augustiduno
1184 1133 1419 1202 incarnationis
1443 1133 1606 1201 dominice

367 1263 408 1310 m.
431 1263 480 1310 xx.
503 1264 567 1328 nup

451 1347 560 1415 Lectio
582 1350 631 1431 iij.
674 1347 781 1418 Nocte
802 1367 878 1415 vero
900 1347 1100 1431 precedente
1124 1346 1208 1413 diem
1237 1345 1345 1412 obitus
1373 1344 1425 1410 sui
1453 1345 1608 1428 apparuit

368 1451 399 1518 ei
411 1451 559 1518 dominus
573 1454 701 1520 dicens:
726 1454 806 1521 Veni
823 1451 926 1520 electe
943 1454 986 1518 mi
1001 1458 1039 1518 ut
1054 1451 1203 1517 laborum
1219 1453 1347 1516 tuorum
1362 1447 1501 1515 innatum
1519 1449 1603 1517 acci·
1643 1448 1676 1492 ¹⁰

367 1557 439 1639 pias
459 1557 491 1622 iu
510 1557 623 1624 leticia
637 1560 845 1642 sempiterna.
891 1557 962 1638 Qua
980 1558 1105 1623 visione
1127 1554 1337 1624 inestimabili
1359 1554 1477 1637 gaudio
1500 1553 1607 1638 reple·

368 1664 433 1742 tus,
456 1662 619 1729 intellexit
641 1663 796 1729 divinitus
819 1662 896 1744 qvid
912 1659 1073 1745 significat
1089 1659 1178 1727 scala
1200 1678 1296 1742 quam
1314 1659 1404 1742 prius
1426 1660 1459 1724 in
1482 1659 1606 1726 somnis

368 1765 496 1832 viderat
512 1770 654 1833 erectam
672 1765 704 1832 in
721 1767 809 1834 celis.
854 1767 1025 1849 Perquam
1043 1766 1156 1848 utique
1169 1765 1210 1831 ad
1223 1765 1378 1832 celestem
1390 1763 1525 1845 gloriam
1536 1769 1608 1832 erat

368 1886 576 1936 ascensurus.
620 1870 701 1937 Post
720 1875 855 1938 mortam
878 1875 987 1938 autem
1009 1869 1111 1954 ipsius
1130 1870 1241 1935 multis
1259 1889 1333 1936 eum
1351 1869 1607 1938 dominusmira·

369 1973 451 2040 culis
472 1974 653 2042 illustravit.
695 1975 745 2041 De
767 1975 885 2058 quibus
907 1976 960 2042 bic
982 1975 1089 2058 aliqva
1111 1974 1356 2041 subnectuntur.
1395 1973 1444 2040 Tu
1467 1981 1585 2042 cutem.
1646 1982 1678 2028 1⁶
1806 2011 1807 2014 =

367 2182 571 2250 vulneratum
593 2183 732 2251 ministri
752 2184 920 2267 lavissent,
943 2189 1049 2271 ejecta
1072 2187 1125 2250 est
1146 2187 1221 2251 aute
1243 2184 1386 2250 bostium
1406 2203 1490 2268 aqua
1510 2187 1609 2252 mixta

369 2288 535 2370 sangvine,
569 2289 621 2372 qvi
656 2286 836 2356 defluxerat
865 2287 905 2354 de
933 2285 1039 2372 plagis
1069 2289 1147 2372 ejus.
1192 2289 1320 2356 Accidit
1341 2293 1450 2356 autam
1472 2295 1510 2356 ut
1538 2291 1607 2374 qvi·

368 2391 441 2458 dam
465 2410 559 2459 cecus
578 2398 654 2459 ante
678 2392 807 2461 domum
829 2393 992 2460 transiens
1015 2393 1148 2461 caderet
1169 2395 1201 2460 in
1224 2394 1339 2460 eodem
1360 2393 1449 2475 ioco;
1468 2412 1608 2477 cumque

368 2497 490 2579 digitos
521 2496 720 2565 madefactus
757 2515 829 2564 oum
866 2497 954 2564 dicta
986 2515 1072 2580 aqua
1102 2499 1144 2565 ad
1177 2497 1291 2565 oculos
1326 2516 1403 2565 suos
1436 2497 1609 2568 reduceret
1644 2501 1679 2548 ²⁰

367 2601 520 2668 continuo
544 2601 665 2668 clarum
688 2601 793 2668 visum
815 2601 949 2684 recepit.

453 2705 561 2772 Lectio
583 2727 610 2771 o.
657 2705 803 2788 Contigit
824 2707 922 2773 etiam
945 2709 1059 2772 sancto
1082 2705 1150 2772 viro
1175 2705 1279 2772 adbuc
1301 2706 1432 2788 viventi,
1464 2708 1497 2774 in
1528 2727 1607 2792 qua·

368 2810 443 2875 dam
465 2809 517 2876 dia
540 2810 713 2891 dominica,
734 2811 891 2893 virgulam
914 2811 999 2877 forte
1023 2810 1078 2877 ubi
1099 2809 1266 2877 residebat
1287 2811 1449 2878 inventam
1473 2811 1607 2880 cultello

368 2932 463 2996 qvem
485 2933 582 2980 manu
604 2914 739 2981 tenebat
760 2914 952 2994 inscindere‚
975 2915 1144 2982 immemor
1167 2913 1252 2996 qvod
1276 2914 1346 2980 dies
1369 2914 1532 2985 dominica
1553 2935 1606 2985 as·

368 3023 430 3085 set.
477 3019 564 3086 Unus
591 3025 701 3088 autem
732 3021 771 3086 de
800 3019 983 3087 astantibus
1007 3018 1168 3085 indirecte
1191 3037 1263 3084 eum
1287 3018 1456 3086 admonuit
1478 3022 1605 3090 dicens:
1643 3037 1677 3084 an

366 3123 505 3191 Domine
540 3127 583 3191 mi
611 3144 670 3192 rer
698 3143 769 3193 cras
796 3129 849 3192 est
877 3123 1019 3191 secunda
1048 3121 1137 3188 feria.
1183 3123 1254 3201 Qua
1277 3125 1529 3192 commonitione
1551 3145 1608 3193 rex

368 3229 410 3294 ad
443 3248 478 3295 se
512 3247 662 3296 reversus
693 3229 807 3295 doluit.
839 3235 872 3295 et
901 3245 1013 3294 omnes
1037 3227 1203 3293 dolaturas
1225 3227 1312 3309 virge
1335 3230 1488 3311 colligens
1511 3249 1608 3314 super

367 3333 486 3400 nudam
511 3352 640 3400 manum
664 3352 755 3400 suam
778 3333 926 3400 totaliter
949 3332 1136 3398 combussit,
1182 3330 1306 3411 Quibus
1338 3334 1515 3401 combustis
1541 3355 1608 3404 ma·

368 3457 430 3506 uus
453 3439 522 3521 ejus
545 3439 640 3505 illesa
661 3437 829 3505 remansit.

455 3543 564 3609 Lectio
586 3543 626 3624 vj.
671 3541 751 3608 Erat
780 3541 813 3607 in
843 3539 944 3607 Dacia
973 3541 1100 3622 quidam
1129 3542 1317 3624 prepositus
1349 3541 1443 3608 valde
1477 3563 1607 3626 perver-
1645 3555 1681 3604 ³0

372 3665 429 3714 sus
452 3648 504 3730 qvi
526 3647 625 3714 beato
649 3646 742 3712 olavo
766 3645 892 3728 atejus
915 3645 1079 3712 miraculis
1106 3645 1294 3729 frequenter
1317 3646 1504 3728 derogabat.
1546 3647 1610 3715 Hic

372 3751 516 3818 babebat
538 3750 687 3816 ancillam
709 3753 842 3817 natione
870 3767 1106 3833 norvegensem
1132 3752 1231 3818 beato
1260 3751 1361 3818 Olavo
1391 3750 1484 3817 valde
1512 3752 1609 3819 devo-

372 3861 448 3920 tam.
495 3853 578 3920 Dum
613 3859 722 3922 autem
752 3854 890 3937 quadam
921 3855 992 3922 vice
1024 3855 1191 3923 adveniret
1214 3855 1282 3939 ejus
1304 3854 1478 3935 festivitas,
1503 3854 1609 3924 dictus

372 3959 562 4042 prepositus
593 3959 700 4043 coegit
721 3943 855 4028 eabdem
879 3959 1030 4027 ancillam
1054 3979 1093 4027 ex
1118 3960 1189 4026 sola
1217 3961 1344 4027 malicia
1372 3965 1534 4027 temerare
1561 3960 1609 4028 ie-

372 4069 458 4130 stum
486 4064 556 4147 ejus
591 4064 760 4146 coquendo
790 4083 903 4148 panes.
958 4064 1034 4147 Ipsa
1056 4068 1165 4130 autem
1189 4064 1290 4132 invita
1313 4070 1347 4132 et
1369 4070 1482 4131 coacta
1503 4065 1607 4148 impe·
1644 4072 1679 4120 ⁸⁵

372 4167 454 4232 mum
478 4167 667 4252 adimplevit
689 4188 761 4236 curn
784 4171 907 4252 gemitu
928 4168 1080 4236 invocans
1102 4174 1247 4236 sanctum
1270 4174 1453 4252 martyrem,
1476 4175 1514 4235 ut
1534 4189 1608 4238 oum

373 4272 482 4355 aliqvo
515 4274 607 4355 signo
639 4273 888 4355 perversitatem
918 4273 1075 4355 prepositi
1105 4272 1295 4341 refrenaret.
1344 4275 1427 4339 Mira
1452 4291 1514 4340 res.
1543 4293 1607 4342 uno

372 4378 488 4444 eodem
516 4382 680 4444 momento
709 4379 896 4460 prepositus
928 4378 1069 4443 cecitate
1096 4379 1287 4460 percutitur,
1317 4383 1350 4444 et
1371 4395 1473 4460 panes
1495 4379 1527 4443 in
1550 4379 1609 4446 cli-

372 4481 456 4547 bano
479 4480 661 4563 inlepidae
684 4485 925 4548 convertuntur.
