3640 5342
386 322 450 392 alt

476 509 668 591 Capitulum.
712 507 836 576 Beatus
858 501 909 574 vir
931 509 985 592 qui
1008 503 1133 576 aulient,

471 624 689 700 Responaorium.
732 624 797 682 Rex
816 623 952 682 inclitus.

470 731 591 806 hymnus.
635 727 720 788 Deua
742 733 875 788 tuorum.
897 747 943 786 ao.
966 747 992 785 υ.

470 835 624 893 versiculus.
669 833 775 892 Gloria
798 837 829 891 at
850 833 977 893 honore,

470 941 628 1019 antiplona.
671 937 771 998 Hodie
794 939 947 1016 gloriosus
971 943 1085 1016 martyr
1106 940 1224 1000 olenus.

465 1038 621 1120 psalmus.
666 1033 861 1118 Magnifioct.

474 1144 593 1210 Oratio.
637 1141 726 1208 Dens
750 1143 806 1224 qni
829 1160 865 1208 es
888 1160 1010 1224 regum.

258 1348 360 1410 usuc.
651 1335 792 1426 Septimo
818 1335 867 1403 die
893 1335 983 1426 infra
1009 1350 1139 1403 octonas
1164 1336 1249 1406 beati
1272 1339 1367 1407 olom.

471 1483 514 1548 ud
533 1482 708 1546 matutinus
730 1485 759 1545 et
780 1480 875 1546 locus
898 1479 1063 1546 diurnales
1075 1483 1179 1547 omnin
1190 1481 1366 1548 iubeantur
1376 1485 1459 1548 sicut
1474 1487 1509 1549 in
1516 1488 1627 1568 prinae

385 1589 436 1654 dic
456 1593 530 1669 poet
549 1586 664 1666 sectum
681 1589 896 1668 preuoloutnr
919 1587 1058 1668 ecceptis
1079 1586 1131 1652 luis
1152 1608 1211 1669 que
1232 1595 1418 1670 sequuntur.
1667 1611 1700 1655 no

471 1693 579 1757 Lectio
595 1690 621 1773 j.
666 1690 833 1772 Vtringus
857 1691 986 1774 quidam
1009 1729 1051 1738 —
1074 1697 1213 1759 nouerat
1235 1723 1274 1747 =
1300 1698 1470 1760 14319-23·

469 1806 553 1882 Rccp.
598 1805 706 1881 Itaque
729 1804 940 1864 deuotissime.
987 1800 1039 1876 [ιτ
1063 1825 1093 1883 p.
1117 1801 1238 1879 2342⁵].

470 1904 578 1968 Lectio
598 1901 633 1984 ij.
677 1901 739 1967 Hic
767 1919 838 1966 cum
862 1902 1049 1967 tamdiu-
1073 1903 1309 1984 procumbebat
1336 1935 1374 1958 =
1399 1909 1626 1972 14328-1444.

469 2017 553 2093 lleep.
597 2013 807 2074 Confluebant.
855 2005 909 2090 [π
932 2035 963 2092 p.
987 2012 1090 2087 235³}

469 2114 561 2180 tectio
586 2117 615 2177 3.
660 2111 817 2176 Nocturni
841 2112 939 2192 igitur
966 2148 1001 2159 —
1025 2113 1203 2179 contulisse
1227 2143 1266 2167 =
1292 2119 1444 2179 1444-11·
1666 2133 1699 2178 15
1812 2139 1813 2200 ς

468 2225 552 2304 Jeep.
595 2225 743 2285 Florebat
765 2223 852 2284 fides.
899 2220 951 2296 [=
974 2246 1004 2302 p.
1029 2217 1150 2302 23515]ι

467 2343 524 2392 ont.
566 2331 666 2390 Hodie
689 2330 841 2405 gloriosus
864 2335 954 2407 pater
976 2332 1095 2390 clauus.
1119 2351 1166 2408 qq.
1188 2333 1217 2390 6.
1241 2342 1269 2390 ut
1287 2352 1380 2408 stema.
1428 2323 1481 2408 [Ε
1496 2353 1526 2410 p.
1541 2329 1626 2406 affl.

464 2429 621 2513 pentuma.
664 2429 874 2494 Benedictus.

257 2619 356 2683 abug.
813 2594 930 2662 Ultimo
953 2597 1005 2661 die
1027 2602 1211 2664 octaucrum

467 2734 512 2799 od
527 2733 655 2815 primae
675 2751 826 2814 vesperae
854 2736 920 2798 ant.
975 2733 1094 2798 Sancte
1124 2737 1246 2815 martyr
1272 2733 1392 2798 domini
1422 2734 1527 2799 olane.
1558 2754 1628 2798 nem
1665 2758 1702 2802 20

381 2841 495 2905 ceteris
515 2837 702 2920 antiphonis
722 2841 754 2901 ut
774 2837 811 2901 iu
830 2837 856 2917 j.
878 2839 1030 2918 vesperis.
1084 2839 1135 2918 [ιε
1158 2857 1189 2920 ρ.
1214 2841 1298 2916 229]

467 2943 632 3026 etpeolmi.
663 2941 753 3006 Dixit
764 2941 923 3008 dominns.
953 2941 1150 3008 confitebor.
1174 2947 1228 3006 cte.
1247 2945 1325 3006 otiu
1338 2943 1398 3008 die,
1432 2944 1481 3026 [=
1495 2962 1526 3025 p.
1539 2943 1626 3027 238}

468 3058 548 3134 llecp.
595 3055 787 3131 Oquentus.

466 3153 612 3238 tymeus.
657 3151 746 3218 Dens
768 3157 909 3218 tuorum.

465 3269 617 3327 uuunder.
663 3266 769 3326 Gloria
791 3266 971 3325 ethonore.

466 3374 623 3449 antiplona.
667 3372 765 3432 Adest
789 3373 864 3431 dies.

467 3472 580 3536 oratic.
626 3471 716 3535 Deus
739 3470 793 3552 qui
817 3487 852 3534 es
873 3485 998 3549 regum.

468 3575 630 3642 Matutine
660 3595 730 3640 uem
757 3574 845 3638 toris
872 3571 1074 3637 diurnalibus
1098 3578 1298 3654 perupcutnr
1324 3577 1356 3636 ut
1382 3573 1417 3636 in
1447 3572 1498 3636 dic
1518 3578 1628 3638 sancto

379 3681 544 3764 paccionis
565 3681 642 3746 eiua.
1812 3743 1813 3762 p

467 3787 576 3850 Lectio
593 3786 710 3865 mima.
757 3783 909 3863 GOntigit
931 3783 1028 3847 etiam
1051 3783 1082 3848 in
1105 3782 1178 3849 loco
1201 3783 1471 3866 quistycbalstad
1491 3783 1626 3848 dicitnr:
1664 3801 1701 3848 so
1812 3815 1813 3866 1

383 3909 423 3957 eo
447 3908 531 3956 anno
554 3908 618 3972 quo
649 3890 735 3955 beati
765 3888 916 3970 martyris
947 3887 1033 3952 oleui
1064 3888 1200 3953 basilica
1228 3905 1312 3952 nono
1343 3889 1563 3970 principatus:
1595 3895 1629 3954 et
1812 3885 1813 3888 ’

382 3994 470 4077 pallij
505 3995 682 4060 vestiretur
715 3993 854 4060 honore:
896 3993 981 4074 quod
1021 3993 1138 4058 mulier
1170 3993 1307 4074 quedam
1343 3994 1447 4057 visum
1482 3995 1626 4076 recepit:

384 4099 475 4165 cuins
497 4097 623 4183 pupilla
652 4105 691 4166 ab
723 4099 786 4164 alio
817 4097 939 4163 infante
969 4099 1000 4163 in
1023 4099 1164 4180 pueritie
1188 4096 1310 4163 cultelli
1345 4103 1467 4179 puncto
1503 4099 1628 4164 violata

383 4209 451 4271 est:
475 4210 569 4270 etex
591 4205 678 4269 illius
703 4205 815 4270 dolore
844 4211 981 4287 vterque
1004 4202 1118 4269 oculus
1140 4203 1179 4267 ad
1201 4203 1371 4268 cecitatem
1392 4208 1627 4282 granatuscst:

383 4309 443 4376 scd
466 4310 616 4393 martyris
627 4311 816 4376 interuentu
836 4308 965 4375 detersa
985 4310 1141 4374 cecitate:
1165 4309 1336 4390 pristinum
1354 4307 1465 4372 lumen
1489 4327 1525 4373 se
1538 4327 1627 4374 rece·
1666 4325 1703 4370 na

381 4414 473 4497 pisse
493 4415 623 4497 gaudet.

468 4518 575 4584 Lectio
595 4520 630 4602 ii.
675 4520 769 4602 Apud
792 4518 914 4599 regium
937 4518 1048 4583 urbem
1071 4553 1112 4564 -
1134 4517 1290 4598 elanguet
1312 4547 1351 4570 =
1378 4522 1515 4582 1351-8,

467 4623 577 4688 Lectio
598 4626 700 4689 tertio.
745 4622 908 4690 Restabat
932 4659 970 4670 -
993 4626 1179 4688 remearent
1200 4653 1239 4678 --
1266 4628 1419 4688 1359-15·
