3654 5336
377 365 437 430 134
612 367 708 418 tert
727 367 856 419 SANCTl
874 335 985 420 bunut
1005 368 1108 419 uncis
1126 367 1173 419 ltu
1191 367 1381 420 masuram.

374 547 523 628 Noricus,
535 566 638 630 nepos
650 549 739 614 beati
751 549 910 630 martyris,
923 549 1102 631 virgenere
1120 547 1298 630 praeclarus
1319 553 1353 613 et
1368 547 1466 614 armis
1487 551 1614 629 potens.

375 653 436 718 llic
459 671 532 718 curn
555 671 632 734 rege
655 653 829 719 Dubiiniae¹
849 651 1020 735 Margodo¹
1036 651 1225 717 foederatus
1247 658 1281 718 et
1303 652 1442 734 quadam
1464 649 1614 717 familiari

375 759 534 824 societate
568 755 773 839 conjunctus⁸
805 763 884 823 erat.
940 757 1086 838 Contigit
1108 763 1228 836 autern,
1251 763 1287 822 ut
1309 757 1403 823 ambo
1426 757 1551 839 pariter
1582 757 1615 821 in

376 861 632 944 expeditionem⁴
660 881 731 926 cnm
754 879 929 929 numerosa
951 861 1055 927 classe
1078 859 1225 943 proiecti,
1255 861 1330 926 inde
1358 862 1468 927 multis
1497 860 1614 943 opibus

377 966 425 1050 [et
447 966 607 1032 manubiis
631 965 790 1049 copiosia⁵
809 966 1002 1049 locupletati
1026 969 1275 1031 reverterentur.
1328 965 1473 1044 Quadam
1504 969 1613 1030 autem
1649 990 1665 1038 s

375 1071 428 1137 die
451 1090 523 1137 curn
547 1070 654 1152 spolia
676 1071 760 1135 iuter
789 1089 825 1136 se
849 1070 982 1136 divisuri
1006 1070 1246 1150 convenissent,
1277 1069 1391 1136 ridens
1419 1089 1475 1134 rex
1497 1068 1616 1151 praela·

375 1179 427 1240 tus
447 1174 592 1256 prodam
616 1174 892 1254 innumerabilem,
916 1193 1026 1240 amore
1053 1175 1242 1256 cupiditatis
1271 1177 1450 1240 excecatus
1482 1179 1547 1240 est:
1582 1177 1616 1240 et

375 1283 496 1344 mutuae
519 1278 690 1344 societatis
712 1282 747 1344 et
774 1279 890 1344 alterni
913 1281 1106 1346 sacramenti
1129 1285 1335 1360 contemptor
1355 1278 1509 1362 proponit
1532 1279 1615 1358 duci,

374 1389 412 1450 ut
429 1383 527 1466 eligat
545 1401 643 1452 unum
662 1401 679 1448 a
697 1383 833 1462 duobus,
847 1384 934 1467 quod
946 1384 1038 1452 velit:
1063 1391 1119 1450 aut
1132 1383 1225 1450 mihi⁶
1246 1383 1377 1467 (inquit)
1398 1387 1504 1450 omnia
1522 1383 1617 1450 relin-

376 1507 456 1574 ques
474 1508 545 1556 cum
569 1489 705 1557 naribus
727 1488 832 1570 spolia
854 1496 912 1554 aut
934 1507 953 1554 a
976 1508 1026 1555 me
1048 1487 1168 1583 bellurn
1192 1487 1252 1554 tibi
1276 1487 1401 1552 illatum
1425 1487 1614 1555 sustinebis.
1652 1509 1684 1558 ao

375 1593 466 1660 luter
494 1591 553 1660 hoa
586 1593 713 1676 positus
748 1592 812 1657 dux
842 1591 1044 1660 Guthonnus
1075 1593 1251 1674 angustias,
1285 1591 1364 1678 [qno
1396 1612 1433 1659 se
1462 1593 1620 1660 verteret²

375 1698 557 1766 nesciebat:
591 1697 775 1779 relinquere
804 1697 947 1779 prredom
979 1717 1050 1764 cum
1085 1697 1220 1763 navibus
1251 1703 1345 1782 turpe
1376 1697 1437 1764 sibi
1468 1702 1502 1763 et
1528 1695 1618 1765 inde·

375 1821 486 1870 corum
509 1803 604 1868 nimis
625 1801 805 1878 videbatur,
837 1802 958 1868 bellurn
983 1798 1107 1868 autem⁸
1134 1802 1300 1886 suscipere
1321 1798 1540 1886 periculosum
1564 1801 1619 1867 nd-

373 1909 505 1986 ,modum
539 1912 619 1975 erat.
673 1908 754 1974 Erat
776 1909 861 1974 enim
884 1909 970 1976 iuter
994 1908 1155 1974 exercitus
1178 1907 1308 1990 grandis
1340 1903 1507 1986 distantia,
1531 1905 1616 1992 [nam

260 2053 264 2062 ·
375 2031 432 2080 rex
460 2013 655 2096 predictum
684 2013 866 2097 quindecim
898 2028 998 2079 naves
1029 2012 1182 2078 babuisse
1211 2011 1338 2091 dicitur,
1363 2011 1426 2078 dun
1447 2030 1523 2078 vero
1547 2016 1617 2077 tau·
1654 2031 1685 2079 aa

374 2121 443 2184 tum
473 2117 625 2200 quinque.
677 2119 748 2184 Dux
781 2119 894 2200 itaque
926 2117 1072 2184 runnius'⁰
1100 2117 1257 2183 biduanas
1278 2117 1376 2198 petiit
1398 2117 1555 2196 inducias,
1590 2117 1616 2182 si

373 2221 459 2288 forte
489 2226 660 2305 tyrannum
682 2241 703 2288 o
724 2223 873 2306 nequitia
897 2221 1082 2304 excogitata
1103 2225 1216 2303 posaet
1238 2220 1431 2287 deflectere:
1464 2240 1537 2287 nam
1561 2239 1616 2286 eo·

374 2325 449 2394 dem
472 2325 524 2392 die
548 2333 618 2393 erat
638 2325 747 2408 vigilia
769 2327 859 2393 beati
883 2325 1050 2412 [martyris
1074 2324 1203 2394 Olari'¹.
1247 2325 1422 2408 Postquam
1450 2343 1527 2392 vero
1550 2325 1617 2390 ani·

374 2449 460 2499 mum
484 2431 613 2498 barbari
637 2431 732 2499 nullis
762 2431 871 2514 potuit
899 2431 1054 2514 precibus
1085 2429 1240 2511 emollire,
1269 2429 1369 2512 clegit
1397 2431 1537 2497 honeste
1560 2446 1618 2514 po-

373 2535 469 2604 tiua¹¹
503 2537 583 2602 mori
618 2555 715 2618 quam
750 2553 822 2602 cum
856 2535 1017 2602 dedecore
1049 2541 1140 2602 tanto
1176 2541 1210 2602 et
1241 2534 1374 2601 inlamia
1406 2537 1454 2602 sui
1489 2534 1617 2617 generis
1652 2551 1686 2599 ao

374 2643 479 2728 spolia
510 2659 572 2709 sua
605 2659 678 2708 cum
716 2641 852 2710 navibus
888 2641 1074 2726 relinquere
1114 2647 1265 2724 tyronn03
1304 2639 1361 2706 sed
1399 2641 1476 2723 quia
1507 2639 1618 2706 burna·

377 2765 453 2814 nuru
487 2745 610 2824 deerat,
644 2746 784 2812 divinum
818 2746 972 2828 implorat
1004 2745 1158 2812 auxilium
1193 2751 1227 2811 et
1255 2743 1388 2810 beatum
1412 2745 1558 2825 Olenum,
1582 2749 1620 2810 ut

377 2851 440 2918 sibi
470 2856 647 2930 succurrat,
673 2849 791 2917 devote
820 2849 1002 2934 precatur¹³
1024 2851 1237 2934 promisitque
1260 2868 1294 2916 se
1318 2851 1349 2914 iu
1372 2847 1514 2916 ecclesia
1536 2869 1619 2916 mar-

376 2956 457 3038 tyris
476 2973 603 3021 crucem
622 2955 781 3021 iacturum
801 2964 998 3039 argenteam,
1020 2957 1048 3020 si
1072 2973 1108 3021 se
1126 2954 1168 3021 de
1185 2973 1281 3020 manu
1298 2954 1384 3034 regis
1400 2953 1516 3038 perfidi
1536 2954 1618 3022 libe·

377 3066 475 3128 rarat.
519 3059 603 3140 Quid
633 3060 759 3128 multa?
803 3060 960 3128 Ordinato
991 3060 1136 3126 exercitu
1169 3059 1308 3126 inimicia
1344 3061 1486 3126 occurrit
1516 3061 1617 3143 agmi·
1653 3075 1687 3122 aa

377 3166 472 3232 uibus
509 3171 543 3230 et
576 3163 752 3232 fortissime
787 3166 944 3231 dimicans
973 3182 1035 3246 ope
1059 3162 1179 3230 Christi
1210 3170 1244 3230 et
1271 3163 1435 3246 gloriosi¹⁴
1467 3166 1618 3248 martyris

376 3271 561 3336 interventu
593 3274 697 3335 totam
730 3271 943 3336 barbarorum
971 3267 1211 3334 multitudinem
1242 3269 1455 3352 prostravit¹⁸.
1510 3271 1619 3353 inopi·

377 3379 454 3441 nata
476 3391 554 3454 ergo
586 3375 713 3457 potitos
742 3374 880 3440 victoria
901 3373 984 3457 [curn
1002 3372 1117 3440 letitia
1134 3377 1168 3438 et
1186 3374 1296 3442 multis
1313 3375 1620 3459 spoliisrerersns¹⁸

378 3497 503 3546 crucem
536 3478 614 3546 lecit
634 3485 823 3560 argenteam
847 3477 935 3543 mira
966 3478 1197 3559 magnitudinis
1227 3479 1322 3562 longe
1350 3480 1482 3547 bomani
1504 3499 1619 3562 corpo·

377 3582 422 3647 ris
451 3583 580 3649 modum
612 3584 819 3649 excedentem
844 3587 878 3648 et
900 3583 1011 3665 posuit
1034 3601 1104 3648 eam
1132 3583 1164 3648 iu
1193 3583 1335 3648 ecclesia
1356 3585 1445 3650 beati
1469 3586 1619 3668 martyris
1654 3595 1688 3644 ³⁰

377 3687 418 3753 ad
447 3705 564 3771 corpus
594 3689 663 3770 eiua
694 3690 726 3752 in
759 3685 856 3752 divini
890 3685 1045 3769 triumphi
1077 3693 1111 3752 et
1140 3687 1317 3768 inopinatae
1341 3689 1494 3760 victorie.
1524 3707 1618 3772 quam

377 3799 512 3876 propter
533 3793 649 3859 meritc
672 3794 741 3874 eius
764 3790 960 3872 obtinuerat,
984 3797 1237 3857 monumentum.

449 3951 455 3978 ¹
475 3952 556 4006 re'ttet
576 3952 634 4016 nagl.
651 3955 658 4002 i
678 3951 750 4003 Brer.
769 3953 886 4002 Biblinlaa
902 3951 972 4006 ΑΒΘ.
988 3951 1122 4006 Clibiunire
1138 3953 1224 4016 DLeg.
1243 3953 1249 4001 Ι
1271 3953 1388 4017 Dpilinno
1408 3952 1482 4004 Hom.
1519 3951 1529 3980 ²
1549 3955 1620 4005 Brar.

378 4058 412 4106 og
431 4041 517 4106 Dlaeg.
537 4041 660 4103 Margodo
679 4040 748 4090 ASS.
777 4039 898 4104 Mergabr
918 4040 993 4090 llalrr.
1013 4057 1040 4090 rr
1058 4041 1196 4104 Margodua
1214 4042 1256 4090 het
1276 4041 1351 4090 Hom.
1373 4058 1401 4092 er
1416 4041 1557 4104 Mardagna
1580 4043 1622 4092 het

377 4131 427 4193 leg.
446 4130 522 4194 Saga.
560 4123 675 4192 'burg
696 4129 845 4178 convinctus
865 4127 934 4178 ΑΕΒ.
954 4129 1099 4189 coniuratus
1119 4128 1191 4177 Brea.
1228 4123 1239 4154 ⁴
1257 4129 1344 4191 DLrg.
1364 4131 1527 4194 expeditione
1549 4129 1620 4181 Ass

375 4217 565 4280 expeditionem
584 4215 659 4267 Broc.
695 4211 809 4281 ‘Dirrg
829 4228 856 4266 et
874 4217 979 4265 naribus
998 4217 1108 4276 copiosis
1127 4217 1201 4266 llrav.
1221 4215 1278 4280 nagl.
1301 4217 1370 4268 ASS.
1412 4213 1514 4267 ⁸er.
1532 4215 1620 4282 DLeg.

378 4287 439 4370 mglss
458 4305 528 4356 ΑΒΘ.
565 4299 683 4368 'Dlaeg
702 4305 820 4369 ogBrer.
840 4305 900 4367 quid
919 4289 1080 4366 arigernus
1118 4295 1222 4354 ⁸Brcr⁴
1241 4305 1301 4366 mgl.
1321 4304 1329 4354 l
1348 4303 1420 4356 ΑΕΒ.
1455 4297 1620 4355 ““Βωτ.ι·οι

377 4394 445 4446 anim
466 4392 537 4444 aaa.
553 4408 598 4444 rex
617 4405 725 4458 namque
743 4392 833 4454 DLag.
870 4387 1062 4444 '‘'Gntboriuur
1082 4391 1128 4442 till.
1149 4391 1217 4444 AS&
1257 4387 1380 4458 '¹DLeg.
1399 4408 1434 4454 og
1453 4393 1526 4446 Brea·
1546 4391 1621 4444 olari

377 4481 482 4548 regirat
495 4482 613 4547 martyria
627 4480 700 4532 ASS.
730 4475 837 4530 '’Brev.
856 4480 917 4544 mgl.
937 4478 1008 4530 ΔΒΕ.
1023 4479 1160 4544 ogDLeg.
1191 4475 1302 4542 ''DLag
1329 4495 1363 4546 og
1381 4481 1455 4532 Brea.
1474 4483 1622 4555 deprecatur
1658 4481 1665 4492 “

377 4567 450 4621 ASS.
491 4565 515 4598 '⁴
536 4569 623 4634 DLag.
642 4584 677 4632 og
696 4565 765 4620 ΑΕΒ.
784 4565 958 4632 gloriorissimi
977 4567 1051 4618 Brcr.
1099 4565 1124 4598 ¹³
1144 4568 1233 4632 DLag.
1252 4583 1286 4632 og
1303 4567 1376 4620 ASS.
1393 4569 1529 4636 prosternit
1546 4569 1621 4621 ltrer.

384 4651 409 4686 '⁸
430 4655 502 4710 ΔΕΒ.
519 4665 546 4708 at
563 4671 621 4708 cam
640 4656 725 4706 multia
743 4653 832 4722 spoliis
849 4667 972 4717 reverens,
991 4669 1048 4705 oum
1068 4669 1161 4720 magna
1178 4655 1267 4707 laetitia
1285 4655 1375 4720 Dch.
1404 4657 1462 4723 nagl.
1481 4657 1556 4709 Brea.
