3668 5348
353 369 524 424 msuorua
541 371 591 422 nn
609 351 863 434 admonueras
882 363 1008 424 annun
1025 371 1344 456 uoawaananernu.
1430 373 1470 437 53

227 549 346 616 librum
370 549 411 617 tle
430 549 567 619 infantia
588 551 677 631 Josu,
703 547 820 617 librum
845 553 883 616 de
905 533 1078 618 nativitate
1099 553 1206 618 beatae
1226 551 1351 632 Mariae,
1377 554 1470 621 itine-

228 655 350 720 rarium
377 655 565 734 Clementis,
596 653 815 738 evangelium¹
848 655 1024 721 secundum
1054 647 1220 735 Thornam,
1254 657 1470 740 evangelium¹

230 759 406 825 secundum
429 759 703 826 Bartholomaum
737 765 771 826 et
800 757 900 824 multa
923 760 995 840 alia,
1020 779 1091 844 que
1114 761 1244 842 longum
1268 767 1319 847 est
1341 780 1469 829 enume-
1515 817 1523 830 .

231 881 310 929 rare.
355 865 419 930 sed
443 865 509 947 lacu
537 865 712 945 videamus,
741 863 902 947 quomodo
930 863 986 930 illa
1014 865 1173 947 scriptura
1202 865 1241 930 de
1271 865 1469 933 exaltatione

180 973 196 1020 ⁶
230 971 351 1034 sanotae
387 970 490 1035 crucis
523 969 694 1034 conveniat
725 971 855 1034 veritati
890 969 1044 1034 Roroaoae
1078 967 1248 1035 historiae².
1298 966 1469 1037 Heraclinb

230 1072 279 1137 vir
300 1071 394 1138 valde
424 1079 577 1138 strenuus
611 1075 643 1137 in
666 1091 702 1139 re
725 1073 867 1152 militari,
890 1073 975 1138 filius
997 1071 1139 1139 Heraclii
1161 1068 1321 1155 praefecti'
1342 1068 1468 1155 Africae,
1598 1091 1601 1098 ·

229 1193 250 1241 a
282 1175 440 1242 militibus
472 1177 505 1241 in
538 1178 769 1258 imperatorem
803 1177 983 1243 Romanum
1016 1177 1154 1258 eligitur.
1199 1177 1275 1246 Hic*
1297 1194 1354 1245 sex
1376 1175 1469 1244 annis

231 1279 407 1364 [continuis
435 1285 631 1364 pervagatus
662 1296 789 1346 omnem
813 1277 995 1348 Persidem⁵
1027 1284 1213 1349 innumeras
1237 1282 1386 1350 civitates
1408 1299 1470 1350 nac

229 1403 293 1452 non
328 1389 362 1450 et
391 1385 613 1451 vetustissima
643 1383 780 1452 aediilcia
808 1402 923 1467 regum
951 1387 1158 1469 antiquorum
1187 1388 1262 1452 solo¹
1280 1388 1469 1470 prostravit,

164 1506 196 1553 ro
228 1507 329 1572 anper
360 1495 493 1573 pontem
526 1489 685 1572 quendam
719 1506 791 1556 curn
824 1489 965 1573 quodam
999 1483 1131 1574 giganta
1153 1481 1470 1574 Pe'rsico'singnlari

228 1593 353 1677 pugnau
374 1611 567 1676 congressus
589 1591 666 1659 vicit
688 1600 723 1659 et
743 1593 777 1658 in
800 1609 927 1660 amnem
950 1593 1070 1678 dejecit
1091 1597 1263 1678 ipsumque
1287 1594 1470 1664 cosdroem

229 1698 271 1764 ad
299 1697 430 1764 ultimas
458 1698 548 1780 regni
578 1700 627 1763 aui
647 1697 795 1764 'latebras
818 1699 929 1781 iugera
953 1698 1118 1781 compulit.
1165 1697 1227 1778 Qui
1248 1697 1371 1766 ultimae
1395 1701 1468 1766 des·

228 1802 407 1886 perationi⁸
428 1802 576 1868 addictus
596 1801 697 1868 filium
721 1822 814 1870 suum
838 1803 1013 1870 Mardasan
1032 1803 1215 1886 designavit
1232 1802 1352 1884 regem.
1398 1805 1469 1885 Quo

231 1911 398 1990 comperto
420 1907 530 1989 syrois
551 1909 805 1989 primogenitus⁹
838 1910 908 1991 eJue
938 1925 1022 1988 aegre
1044 1906 1122 1973 tulit
1141 1900 1238 1973 niniis
1261 1896 1469 1992 sui¹⁰repul=

165 2036 196 2084 ιι
232 2014 384 2091 samoni
418 2011 597 2078 debebatur
623 2030 682 2094 pro
713 2013 826 2079 ordine
856 2013 1033 2078 nativitatis
1062 2030 1207 2094 regnum,
1236 2021 1271 2078 et
1293 2003 1469 2081 sollicitato

232 2116 479 2182 Gundabundan
501 2115 656 2198 praelecto
679 2117 803 2182 militiae
834 2135 961 2182 ornnem
984 2115 1026 2182 ad
1049 2134 1085 2182 se
1108 2118 1270 2182 convertit
1292 2119 1469 2185 exercitum

230 2221 404 2304 statimque
437 2227 562 2302 patrem
592 2221 776 2298 cosdroen²
807 2223 972 2291 insecutus
1005 2223 1251 2314 comprehendit
1284 2227 1319 2301 ,et
1343 2225 1469 2314 magnis

231 2332 417 2392 catenarum
447 2325 659 2407 ponderibus·
682 2325 819 2408 pedibus
854 2325 1003 2408 colloque
1037 2322 1244 2392 circumdatis
1274 2310 1408 2392 reclusit
1436 2329 1470 2393 in

232 2432 363 2496 domum
391 2425 646 2509 subterraneam,
671 2419 767 2512 quam
800 2426 872 2514 ipse
906 2429 948 2494 ad
981 2426 1154 2497 thesauros
1181 2432 1406 2497 recondendos
1436 2433 1469 2498 in

164 2537 197 2585 ¹⁰
232 2535 302 2602 loco
323 2534 525 2601 abditissimo
551 2540 783 2613 construxerat,
806 2536 967 2617 imperans
985 2541 1019 2600 ct
1037 2535 1164 2602 dicens:
1187 2535 1336 2602 comedat
1356 2555 1469 2602 aarum

231 2645 266 2705 et
287 2645 464 2720 argentum,
497 2656 556 2721 pro
591 2654 653 2721 quo
684 2639 802 2704 multos
832 2639 930 2720 impie
958 2639 1098 2722 peremit
1120 2645 1154 2704 ct
1176 2637 1288 2706 ornem
1310 2643 1470 2706 terrarum

232 2744 363 2812 delerit.
420 2743 511 2809 Fecit
544 2745 641 2809 etiarn
670 2744 781 2826 Syrois
815 2741 906 2810 naias
941 2743 1090 2808 omnibus
1124 2741 1243 2810 seculis
1276 2741 1467 2826 inauditum,

232 2849 340 2916 divino
365 2850 412 2914 sic
435 2848 629 2930 disponente
652 2847 784 2930 jndicio.
839 2847 922 2913 Nam
949 2844 1115 2914 mandavit
1139 2847 1317 2932 satrapis¹¹,
1351 2847 1468 2931 quibus

229 2959 366 3020 noverat
387 2955 513 3034 patrem
534 2953 700 3034 praecipue
721 2968 883 3034 perosum,
908 2947 1021 3034 eisque
1043 2949 1179 3019 tradidit
1201 2966 1273 3020 eum
1296 2955 1355 3035 per
1377 2951 1469 3034 qoin-

164 3067 197 3114 π
233 3075 295 3140 que
319 3057 389 3122 dica
412 3056 610 3122 illudendum
634 3062 668 3122 et
691 3059 934 3138 conspuendum
958 3079 994 3124 ac
1018 3055 1153 3123 diversis
1176 3056 1303 3142 iniuriis
1327 3053 1469 3123 allicien-

233 3163 306 3227 dum
338 3161 439 3226 etsie
467 3161 595 3227 doraum
619 3157 810 3242 sagittarum
833 3162 949 3227 ictibus
972 3164 1133 3245 perimere·
1152 3161 1261 3244 jubet.
1278 3162 1394 3227 occisis
1415 3165 1467 3226 ta·

231 3283 305 3332 men
328 3267 418 3347 priua
442 3269 517 3331 ante
541 3281 598 3330 ora
620 3267 723 3347 patris
746 3267 888 3347 quinque
909 3264 997 3332 fillis.
1047 3265 1090 3330 Et
1110 3265 1163 3331 bic
1185 3265 1247 3331 luit
1267 3263 1341 3331 linis
1362 3264 1467 3330 homi·

230 3373 281 3436 nis
304 3369 465 3450 eacnmgr',
494 3371 608 3451 templi
629 3371 758 3436 Domini
784 3371 953 3436 violatoris
977 3375 1010 3436 et
1032 3370 1119 3436 ultra
1139 3372 1312 3436 humanum
1336 3369 1468 3435 modum

233 3475 319 3540 elati.
363 3474 445 3538 Nam
463 3473 580 3554 legatis
593 3473 744 3554 Heraclii,
762 3477 816 3558 qui
834 3477 938 3556 gratia
958 3475 1049 3558 pa'cie
1071 3481 1237 3553 venerant,
1258 3475 1304 3539 ita
1326 3471 1468 3556 superbe

165 3585 198 3632 ³⁰
232 3579 409 3661 respondit,
434 3582 490 3643 aut
511 3578 666 3644 videlicet
687 3578 880 3646 christianos
903 3580 1067 3661 propriam
1090 3578 1278 3658 religionem
1296 3577 1468 3644 relicturos

210 3691 267 3762 ‚ct
288 3701 399 3749 secam
430 3682 534 3747 solem
563 3681 757 3749 adoraturos
780 3690 836 3749 aut
858 3701 971 3750 eorum
992 3700 1125 3764 regnum
1148 3684 1278 3764 penitus
1301 3683 1468 3746 destruan-

233 3785 326 3867 dum;
358 3788 415 3852 sed
445 3787 586 3852 reddidit
615 3786 703 3852 Deus
732 3789 765 3853 in
793 3793 892 3870 caput
912 3787 1094 3869 blasphemi
1116 3788 1279 3871 propriam
1302 3793 1467 3852 contuma-

233 3895 325 3958 ciam.
379 3891 473 3958 Licet
494 3891 605 3972 itaque
628 3893 773 3958 cosdroe
795 3912 855 3976 pro
877 3894 944 3958 suis
968 3891 1148 3956 sceleribus
1171 3892 1285 3973 dignas
1309 3882 1469 3972 expende·

232 3998 276 4061 rit
296 4011 429 4078 poenas,
457 4000 566 4062 tamen
593 4016 613 4060 a
640 3997 732 4079 prole
761 3997 884 4062 ventris
915 3997 965 4061 ani
993 3995 1055 4062 boc
1077 4015 1209 4080 passum
1232 3993 1414 4062 execrabile
1437 3994 1470 4059 eb

166 4103 198 4152 ³⁵
234 4116 342 4166 eoram
365 4101 436 4166 Deo
459 4108 494 4166 et
517 4117 626 4166 coram
647 4102 832 4167 bominibus
855 4099 926 4166 init.
1443 4101 1446 4110 ’

305 4385 389 4439 ¹AK.
409 4392 584 4453 evangelicum
604 4389 631 4450 (l)
651 4393 676 4442 S.
710 4387 800 4443 ἈΚ
819 4375 978 4444 Historias.
1026 4388 1112 4443 ὓΑΚ.
1130 4391 1255 4456 praelector
1274 4389 1300 4452 (l)
1319 4389 1344 4441 S.
1380 4386 1469 4439 ἈΚ

234 4477 282 4526 Hir
299 4479 325 4527 Si
370 4471 456 4527 ’ΚΑ
475 4477 514 4527 ira
538 4473 749 4544 [orersprunget
766 4479 791 4531 S.
836 4477 916 4532 θἈθ.
934 4481 966 4531 Κ.
987 4465 1123 4545 indrkyder
1141 4482 1255 4529 eundem.
1304 4475 1391 4528 ἈΚ
1410 4475 1470 4527 Cor·

235 4568 320 4615 droam
339 4563 365 4616 S.
401 4559 488 4615 'AR
508 4567 691 4630 dispensationi
712 4568 739 4625 ll)
757 4569 783 4618 S.
818 4563 905 4618 *ΑΚ
924 4570 1116 4634 promogenitus
1135 4565 1161 4627 (l)
1181 4567 1207 4617 S.
1254 4561 1340 4621 '⁰AS.
1359 4564 1418 4630 mgl.
1436 4563 1469 4616 K.

236 4650 258 4679 ¹¹
279 4653 356 4705 niis.
376 4651 408 4703 A.
429 4664 512 4704 notter
531 4669 593 4704 ovar
610 4655 702 4718 Linjen
720 4671 748 4706 aa
767 4655 804 4715 (³²
821 4653 955 4720 satrapae).
