3640 5342
384 349 446 412 248

464 539 622 614 anticione.
668 540 732 600 Rex
756 568 793 580 ·-
817 541 1067 618 promptissimus
1090 561 1130 586 =
1153 559 1183 617 p.
1207 537 1436 600 23284-2332,

464 645 623 720 antiphona.
668 644 724 702 Hie
749 673 787 684 -
811 646 989 706 conuolnuit
1010 667 1048 692 =
1071 666 1100 723 p.
1125 641 1264 705 2334-5.

464 741 572 806 Lectio
587 741 613 822 y‘.
658 740 750 807 ERat
772 741 910 823 quedam
933 763 1009 826 pars
1036 742 1337 828 [terrenorwegie1
1371 743 1404 807 in
1433 760 1497 825 qua
1526 740 1623 806 modo

380 845 636 912 sanctissimum²
658 864 775 929 corpus
799 850 903 912 sancti
923 849 1009 914 claui
1029 847 1214 931 requiescit.
1236 847 1326 913 cuius
1345 847 1451 913 incole
1468 843 1626 912 indurati⁸

379 949 412 1014 in
435 951 563 1018 malicia
593 950 721 1035 [hostes
751 954 897 1018 veritatis
928 960 961 1020 et
990 952 1079 1019 ideo⁴
1104 952 1192 1032 regis
1219 951 1333 1017 hostes
1362 958 1455 1020 erant
1475 952 1622 1017 inexora·
1677 957 1695 1002 ⁵

382 1055 492 1123 biles⁵.
536 1056 572 1121 In
602 1055 685 1121 hauc
714 1057 804 1122 venit
833 1058 1034 1140 prouinciam
1058 1057 1170 1123 christi
1194 1063 1316 1140 martyr
1337 1056 1422 1122 forte
1445 1055 1498 1122 dei
1520 1055 1626 1138 gratia

385 1161 514 1245 populis
541 1160 718 1227 incredulis
745 1162 983 1245 predicaturus,
1034 1162 1104 1246 on
1136 1168 1303 1245 comperto
1333 1161 1481 1227 veritatis
1510 1159 1625 1226 hostes

383 1270 648 1333 conuocauerunt
681 1266 850 1334 concilium
887 1266 1093 1351 [iniquitatis.
1129 1274 1162 1332 ot-
1195 1266 1431 1334 conuenerunt⁴
1463 1265 1496 1330 in
1530 1283 1624 1330 vnum

382 1372 540 1438 aduersus
563 1369 728 1438 dominum
753 1379 786 1438 et
808 1373 965 1439 aduersus
988 1373 1143 1439 christum
1168 1375 1249 1440 eius.

465 1485 550 1564 Rerp.
583 1485 619 1544 In
640 1486 737 1563 regali
759 1489 817 1545 eto.
1664 1484 1698 1527 ¹0

465 1610 533 1650 vas.
578 1591 731 1653 sordebat
752 1597 810 1652 etc.
875 1564 915 1588 ξ
938 1563 970 1620 p'
994 1540 1166 1602 23316-20,

466 1688 575 1755 Lectio
598 1689 631 1772 ij.
675 1691 756 1756 Erat
776 1710 915 1774 namque
945 1689 1108 1772 [doctrina
1137 1690 1207 1756 eius
1232 1689 1385 1773 operibus
1408 1707 1521 1755 eorum
1543 1705 1626 1753 sem-

382 1793 456 1880 par⁰
478 1795 649 1862 contraria.
694 1795 789 1862 Unde
809 1796 940 1880 quidam
955 1795 1094 1879 [experti
1107 1793 1269 1862 eiusdem²
1286 1795 1404 1861 Kannti
1427 1796 1497 1860 eius
1512 1794 1626 1860 aduer-

382 1902 458 1984 sarij
494 1900 680 1968 muneribus
714 1903 867 1985 corrupti.
903 1902 1032 1984 quidam
1062 1919 1139 1967 vero
1173 1901 1275 1968 solius
1307 1900 1437 1967 malicie
1470 1899 1627 1964 instinctu

384 2011 516 2088 [nouam
538 2005 748 2088 religionem:
771 2008 917 2090 paternis
931 2006 1195 2088 scilicetlegibus
1213 2005 1408 2072 contrariam
1421 2009 1624 2072 recusantes:
1666 2005 1698 2051 1⁵

383 2113 617 2179 ordinauarunt
647 2113 838 2178 exercitum*
870 2113 902 2177 in
930 2113 1002 2179 loco
1035 2117 1090 2195 qui
1119 2131 1205 2178 nunc
1233 2109 1445 2177 stikelstadh8
1478 2109 1625 2176 dicitur⁹t

385 2221 513 2298 [contra
534 2235 645 2300 regern
668 2217 888 2300 ignorantem:
912 2227 946 2284 et
969 2239 988 2285 a
1011 2235 1071 2284 sua
1090 2224 1186 2299 genta
1204 2213 1440 2300 aliquantulum
1453 2216 1626 2282 distantem

382 2321 502 2389 bello¹⁰
523 2323 697 2406 excipiunt.

468 2436 552 2513 Resp-
598 2435 779 2514 Oquautus
803 2442 861 2496 etc.

467 2562 536 2601 vers.
580 2541 696 2604 Multos
719 2543 855 2604 habebat
875 2547 934 2601 ato.

468 2639 577 2706 Lectio
603 2640 652 2724 iii.
705 2639 771 2707 Sed
807 2640 1044 2707 illustrissimus
1079 2646 1201 2723 martyr
1239 2639 1292 2723 qui
1327 2642 1417 2704 totus
1451 2655 1628 2720 suspensus

385 2745 456 2812 ad¹¹
478 2744 613 2812 celestia
635 2762 696 2828 per
717 2745 861 2829 martyrij
887 2763 1038 2812 coronam
1058 2745 1135 2812 illuc
1157 2745 1329 2828 peruenire
1348 2743 1471 2808 intimis
1500 2741 1628 2809 deside·

386 2851 480 2919 rabat
512 2851 692 2934 precordijs
722 2870 742 2915 a
770 2847 855 2917 troie
889 2851 1105 2917 multitudinis
1134 2869 1197 2916 non
1227 2849 1344 2915 timuit.
1396 2845 1560 2934 [Imminet
1581 2847 1629 2913 illi

385 2955 524 3023 bellum:
547 2955 634 3038 quod
656 2961 783 3022 amator
804 2957 895 3039 pacis
918 2973 1054 3022 securus
1077 2956 1223 3038 suscepit
1244 2972 1303 3038 pro
1325 2953 1457 3020 iusticia
1480 2958 1515 3020 et
1537 2952 1627 3036 equi·

385 3065 454 3129 tate
475 3061 703 3145 pugnaturus⁴.
1668 3055 1703 3100 ²⁵

469 3175 553 3250 Rerp.
588 3175 693 3233 Iustus
716 3195 789 3234 vero
812 3180 870 3234 etc.

468 3299 536 3340 vere.
567 3279 740 3339 Offerrabat
762 3298 795 3337 ee
818 3283 876 3337 etc.

992 2513 1029 2538 =
1053 2513 1083 2570 p,
1109 2485 1281 2551 papas-ao,
1666 2532 1702 2576 20

943 3251 982 3273 =
1005 3248 1036 3305 p.
1059 3225 1287 3289 sealt-234⁴.

865 3438 907 3504 Ia
927 3441 961 3522 o'y'.
985 3445 1151 3507 occurrero.

469 3585 627 3662 oatplrouc.
671 3582 855 3644 Purifloatus
876 3611 919 3622 ··-
940 3584 1038 3642 virum
1061 3605 1100 3630 =
1123 3605 1155 3662 p.
1179 3584 1318 3644 234⁶·7.

471 3691 628 3768 auspican.
673 3688 879 3764 consepultus
902 3718 943 3727 —
966 3689 1141 3750 ambulabat
1162 3712 1202 3736 ==
1226 3709 1256 3766 p.
1280 3689 1437 3750 2349-11,
1666 3692 1704 3737 ³⁰

470 3796 627 3870 antiplona.
672 3792 811 3852 (lauabat
833 3821 872 3834 -·
895 3793 1005 3853 affectu
1029 3815 1066 3842 =
1090 3815 1121 3872 p.
1146 3793 1319 3856 2341344,

387 4000 464 4077 gato
487 3995 600 4060 obuiat
621 3995 771 4062 inimicis.
817 3995 915 4064 Porro
947 3997 1097 4063 dominus
1127 3997 1182 4079 qui
1205 3999 1336 4083 martyri
1360 4019 1419 4066 suo
1442 3995 1629 4064 mercedem

386 4119 445 4184 pro
469 4119 533 4183 quo
555 4104 606 4166 tot
627 4119 748 4182 agones
770 4102 950 4185 pertulerat
972 4101 1137 4169 reddere¹³
1159 4103 1368 4171 decreuerat:
1400 4112 1434 4172 vt
1455 4101 1628 4186 gloriosius

387 4223 460 4272 eum
483 4212 666 4275 coronaret:
690 4209 873 4289 iniquorum
896 4208 1010 4275 iaculis
1034 4207 1211 4289 gloriosum
1235 4217 1409 4292 martyrem
1433 4207 1628 4276 occumbere
1668 4213 1703 4259 ³⁵

424 4392 431 4423 ¹
455 4393 576 4456 uoruegie
591 4398 665 4444 torre.
701 4395 847 4447 'unctum
877 4391 930 4445 ⁸et
944 4395 1088 4457 pertinaces
1105 4393 1156 4449 tili.
1191 4393 1281 4460 ‘mgl
1314 4395 1509 4450 ⁵execrabiles.
1545 4392 1629 4444 ‘eius

387 4483 521 4534 salutifera
532 4483 675 4546 predicatio
689 4484 826 4547 impiorum
848 4482 975 4545 operibus.
1011 4480 1070 4532 'ex
1089 4485 1125 4534 eie
1147 4485 1285 4538 cuiusdam.
1325 4483 1517 4536 ⁸eticlartudie.
1553 4481 1629 4546 ⁹ap·

387 4571 508 4636 pellatur.
552 4571 574 4602 ¹⁰
590 4569 696 4625 bellurn.
735 4572 753 4601 ¹¹
774 4573 809 4624 in.
848 4569 869 4602 ¹¹
885 4573 1048 4634 quantumin
1065 4573 1144 4627 breui
1184 4573 1204 4603 '³
1222 4577 1248 4623 et
1265 4572 1374 4637 gloriam
1391 4588 1461 4640 suam
1480 4585 1555 4637 quam
1573 4569 1630 4622 diu-

388 4661 442 4712 cius
460 4665 487 4710 et
503 4659 602 4712 auidius
619 4660 719 4710 sitierat
734 4659 785 4711 inm
802 4658 917 4710 reuelure
933 4657 983 4712 till.
