3654 5336
454 351 554 406 ΔΟΤΑ
571 342 700 408 ΒΑΝὒἨ
719 353 834 408 otavl
854 354 958 409 REGIS
975 355 1023 411 ΕΤ
1040 344 1233 410 litemus.
1406 346 1462 420 131

222 532 375 602 annuitis
397 551 469 602 cum
503 551 619 618 magno
652 540 823 620 susceptus
849 533 1023 618 desiderio,
1053 483 1218 618 gratiosus
1247 540 1281 602 et
1308 537 1463 620 optabilis

221 637 326 718 bonis,
359 639 521 706 verendus
553 644 652 722 atque
681 639 838 706 terribilis
868 640 1021 724 apparuit
1049 659 1137 706 sane
1166 641 1321 708 doctrinm
1352 641 1464 709 adser-

221 743 328 810 sariis.
370 743 510 810 Indutus
543 744 645 826 igitur
674 746 776 812 lorica
810 743 887 810 fidei
920 750 954 810 et
988 745 1152 812 accinctus
1180 745 1288 828 gladio
1319 745 1462 828 spiritus,

222 847 310 929 quod
332 853 385 914 est
413 848 547 914 verbum
575 848 638 930 dei,
667 867 728 930 per
756 848 919 917 infamiam
954 854 989 914 et
1015 848 1133 914 bonam
1163 848 1292 930 lamam,
1315 868 1374 932 per
1395 849 1463 932 glo·

170 959 186 1006 ⁶
220 953 300 1021 riam
324 958 359 1018 et
386 952 635 1036 ignobilitatem,
665 971 726 1036 per
756 971 845 1027 arma
872 952 1011 1034 institiae
1034 973 1054 1018 a
1077 951 1199 1018 dextris
1224 959 1257 1018 et
1279 973 1299 1018 a
1321 953 1462 1020 sinistris

221 1061 332 1122 orator
355 1057 504 1140 egregius
532 1055 606 1122 fidei
630 1058 762 1124 terbum
787 1061 977 1124 constanter
998 1057 1117 1140 ubique
1141 1058 1174 1124 in
1197 1059 1250 1126 via
1271 1059 1462 1126 dissemina·

220 1161 290 1242 δαῖς
324 1167 458 1243 paratus
482 1180 542 1244 pro
569 1159 699 1228 Christo
730 1163 799 1244 pati
821 1161 986 1246 quaslibet
1006 1163 1261 1246 persecutiones,
1284 1161 1463 1245 objiciebat

221 1283 257 1332 se
286 1272 407 1348 sponte
436 1265 600 1350 periculis,
630 1267 829 1350 martyrium,
853 1267 880 1334 si
903 1265 965 1331 deo
987 1265 1176 1350 placuisset,
1207 1267 1375 1350 suscipere
1398 1285 1462 1334 non

221 1387 388 1439 recusans.

154 1489 187 1538 ao
305 1497 350 1542 rx.
394 1474 437 1540 Et
459 1476 611 1558 quoniam
642 1475 759 1558 dignus
787 1479 839 1540 est
865 1475 1034 1558 operarius
1064 1475 1213 1544 mercede
1236 1493 1306 1555 sua,
1327 1476 1461 1544 tandem

220 1577 352 1646 domino
384 1578 509 1662 placuit
537 1581 719 1662 agonistam
752 1597 847 1645 suurn
878 1580 919 1645 de
953 1597 1083 1646 carcere
1113 1582 1216 1650 carnis
1245 1581 1393 1662 educere,
1425 1587 1462 1648 ut

220 1683 439 1766 plenissimam
469 1689 503 1752 et
530 1684 848 1770 superabundantem
871 1682 1018 1750 laborum
1041 1675 1172 1752 suorum
1197 1687 1358 1772 reciperet
1379 1704 1461 1754 mer-

220 1789 335 1855 cedem
368 1795 403 1854 et
424 1806 535 1870 regem
562 1807 620 1854 rex
647 1788 773 1855 rideret
795 1789 826 1854 in
849 1789 971 1856 decore
993 1806 1065 1858 suo.
1111 1789 1189 1858 Erat
1212 1789 1363 1872 quaedam
1383 1809 1461 1874 pars

220 1891 306 1958 illins
333 1897 441 1972 terrm,
473 1893 504 1958 in
538 1911 600 1975 qna
635 1894 732 1959 modo
763 1894 1004 1961 sanctssimom
1032 1911 1149 1976 corpas
1180 1896 1248 1978 ejus
1274 1893 1459 1978 requiescit,

154 2019 185 2066 ra
220 1998 310 2080 caina
342 1997 459 2064 incole
494 1997 635 2064 indurati
669 2004 704 2064 et
733 1999 920 2080 pertinaces
953 1999 986 2066 in
1016 1998 1140 2068 malitia
1167 2017 1228 2066 sua
1254 1999 1404 2069 veritatis
1426 2002 1461 2066 et

219 2099 294 2167 ideo
316 2103 403 2184 regis
431 2101 546 2168 hostes
575 2107 670 2167 erant
699 2102 933 2169 inexorabiles:
965 2105 997 2170 in
1031 2103 1114 2170 hanc
1146 2106 1237 2170 uenit
1261 2103 1459 2186 prouinciam

219 2203 341 2272 Christi
364 2213 494 2290 martyr,
516 2205 603 2274 iorte
626 2205 680 2273 dei
702 2207 840 2286 gratiam
861 2207 991 2290 populis
1014 2208 1191 2274 incredulis
1214 2208 1458 2291 predicaturus.

75 2321 79 2330 ·
161 2359 166 2368 .
220 2307 292 2389 Quo
312 2319 481 2394 comperto
509 2309 798 2378 ueritatishostes
827 2318 1088 2382 convocaverunt
1109 2313 1280 2380 consilium
1303 2311 1457 2394 iniquita-

219 2416 278 2494 ὼς
311 2421 532 2487 convenerunt
561 2417 593 2484 in
623 2435 722 2482 unum
752 2416 910 2484 adversus
933 2415 1097 2484 dominum
1127 2423 1162 2482 et
1191 2419 1348 2486 adversus
1378 2417 1461 2484 chri·

151 2540 185 2586 ao
219 2526 307 2586 stum
330 2520 416 2602 eiua:
439 2527 512 2588 erat
532 2540 671 2616 namque
692 2523 764 2606 ejus
786 2521 955 2588 salutiiera
976 2521 1165 2604 predicatio
1188 2523 1269 2604 ipsis
1292 2526 1326 2588 et
1348 2539 1461 2588 eorum

219 2625 374 2707 operibus
401 2625 496 2693 valde
525 2627 697 2692 contraria.
748 2625 844 2692 Unde
866 2625 997 2708 quidam
1028 2644 1068 2692 ex
1098 2627 1146 2692 eis
1177 2625 1363 2710 cujusdam¹
1396 2625 1460 2693 Ka·

217 2729 288 2794 nuti
309 2731 379 2812 ejns
398 2729 577 2797 aduersarii
604 2731 791 2798 muneribus
814 2731 968 2814 corrupti,
991 2730 1122 2813 quidam
1145 2749 1222 2798 uero
1245 2729 1346 2796 solius
1369 2729 1460 2796 mali-

216 2833 272 2898 tire
299 2834 465 2912 instinctu,
494 2835 553 2902 sed
582 2840 616 2900 et
646 2853 759 2901 novam
791 2835 982 2916 religionem
1013 2836 1157 2917 paternis
1186 2833 1312 2901 scilicet
1332 2834 1460 2916 legibus

217 2938 410 3004 contrariam
444 2941 613 3020 suscipere
647 2947 845 3020 recusantes,
879 2939 1031 3006 ordinato
1055 2942 1200 3006 exercitu
1228 2942 1260 3006 in
1290 2938 1372 3018 loco,
1404 2938 1459 3019 qni

151 3055 183 3102 aa
220 3059 302 3107 nunc
324 3042 636 3108 Stielastather²
659 3043 853 3126 appellatur,
876 3047 1080 3125 ignorantem
1104 3051 1138 3108 et
1159 3062 1177 3108 a
1198 3061 1257 3108 sua
1279 3049 1376 3124 geute
1399 3041 1459 3106 ali·

218 3146 406 3226 quantulum
438 3147 612 3212 distantem
643 3147 730 3213 bello
759 3149 940 3230 excipiunt;
974 3147 1030 3214 sed
1063 3147 1304 3214 illustrissimus
1327 3151 1458 3229 martyr,

217 3249 271 3330 qui
294 3255 384 3317 totus
415 3267 596 3334 suspensus
625 3252 657 3317 in
690 3252 836 3318 caelestia
859 3269 918 3334 per
940 3253 1085 3335 martyrii
1108 3267 1261 3318 coronam
1285 3251 1361 3317 illuc
1384 3268 1458 3332 per·

217 3355 325 3420 uenire
358 3355 482 3422 intimis
517 3353 729 3422 desiderabat
760 3355 961 3438 precordiis,
994 3375 1014 3421 a
1046 3356 1129 3422 iacis
1152 3355 1370 3422 multitudinis
1394 3371 1459 3420 non

216 3459 339 3526 timuit:
374 3461 521 3525 imminet
549 3461 595 3526 illi
627 3461 758 3541 bellum,
790 3462 875 3543 quod
907 3467 1033 3526 amator
1053 3459 1144 3543 pacis
1168 3461 1312 3542 suscepit
1332 3475 1391 3542 pro
1407 3459 1459 3541 ju-

148 3575 182 3622 lo
216 3563 306 3628 stitis
329 3567 362 3630 et
385 3565 540 3647 equitate
562 3569 772 3647 pugnaturus.
814 3565 964 3631 Exercitu
988 3565 1110 3647 itaque,
1134 3569 1290 3646 qnantum
1314 3565 1346 3630 in
1367 3563 1459 3629 brevi

215 3669 331 3754 potuit,
355 3677 553 3750 congregato
575 3671 686 3736 obviat
708 3669 856 3736 inimicis.
1222 3749 1225 3754 ¹

299 3799 329 3839 x.
374 3773 475 3838 Porro
500 3774 660 3852 dominus,
691 3773 745 3855 qni
775 3773 908 3854 martyri
939 3791 997 3839 suo
1021 3772 1216 3851 mercedem,
1237 3789 1298 3855 pro
1321 3789 1386 3853 quo
1409 3775 1461 3836 tot

216 3891 335 3956 agones
358 3876 549 3958 pertulerat,
572 3879 709 3944 reddere
733 3883 767 3943 et
788 3877 922 3958 gloriam
944 3893 1045 3957 suam,
1069 3895 1165 3960 quarn
1189 3877 1313 3942 diutius
1339 3881 1373 3941 et
1391 3876 1458 3941 avi·

215 3980 287 4046 dius
309 3982 445 4061 sitierat,
462 3983 529 4064 jam
553 3983 698 4048 revelare
721 3982 919 4060 decreverat,
950 3986 987 4045 ut
1009 3981 1186 4062 gloriosius
1216 3999 1295 4074 eum·
1318 3999 1456 4047 corona-

214 4089 274 4166 ret,
309 4085 492 4168 iniquorum
521 4087 640 4168 jaculis
670 4085 849 4168 gloriosum
882 4091 1053 4167 martyrem
1082 4085 1275 4152 occumbere
1298 4083 1456 4166 permisit

215 4189 377 4257 Occubuit
399 4194 507 4256 autem
531 4197 647 4272 quarto
671 4190 835 4257 Kalendas
859 4191 1006 4272 Augusti,
1029 4189 1113 4256 leria
1134 4196 1260 4272 quarta,
1285 4189 1456 4254 millesimo

286 4413 292 4442 ¹
316 4415 390 4468 Brar.
416 4417 517 4468 cuidam
537 4416 608 4470 ASS.
644 4414 750 4482 Ἴως.
766 4417 996 4470 sualuracrass.
1016 4415 1278 4467 Sticelaataderllom.
1301 4414 1360 4478 mgl.
1381 4414 1456 4464 Brer.

302 4622 348 4678 15.
393 4613 615 4696 convenerunt]
640 4621 705 4681 aml.
728 4622 859 4682 orenior
882 4622 912 4682 S.
938 4613 1015 4682 39¹⁸.
1212 4695 1253 4758 9*
