3634 5350
259 1235 280 1280 1.
324 1215 491 1297 Regnante
525 1215 557 1282 in
592 1215 780 1282 monarchia
802 1213 973 1296 Norvegiae
1008 1215 1127 1280 illustri
1160 1232 1237 1296 rege
1270 1215 1414 1296 Magno

175 1323 332 1402 quarto,
367 1339 463 1402 quem
494 1325 589 1403 pater
617 1319 909 1386 misericordiarum
938 1319 1029 1400 large
1056 1317 1238 1384 devotionis
1262 1319 1414 1386 benedic·

173 1425 262 1491 tione
285 1425 703 1508 prevenerat—requiem
723 1425 815 1491 dedit
837 1424 867 1490 ei
890 1425 930 1489 de
951 1424 1221 1490 inimicis-non
1244 1424 1349 1515 solum
1373 1425 1415 1490 ad

174 1529 438 1612 circumjacentes
460 1530 654 1613 provincias,
684 1548 794 1618 111111
820 1530 916 1594 etiam
940 1531 972 1594 in
994 1529 1186 1620 longinquas
1210 1528 1297 1594 fama
1319 1529 1413 1595 boni·

121 1644 137 1726 1
173 1635 253 1700 tatis
273 1635 342 1716 ejus
365 1653 402 1701 ac
426 1633 557 1701 devotio
576 1635 772 1718 percrebuit.

257 1759 292 1804 11.
338 1739 574 1820 Congratulans
601 1741 633 1805 in
662 1741 791 1807 domino
820 1741 890 1824 ejus
920 1739 1013 1806 fama
1043 1745 1077 1806 et
1106 1739 1270 1806 devotioni
1294 1739 1415 1822 Philip-

173 1861 234 1926 pus
257 1861 314 1908 rex
336 1843 481 1909 Francia
511 1843 598 1910 filius
622 1845 776 1911 budovici
799 1847 886 1927 regis
908 1846 1102 1911 deliberavit
1124 1863 1233 1912 secum
1256 1845 1412 1911 instinctu

173 1951 310 2032 spiritus
332 1949 460 2028 sancti·
476 1949 552 2032 quid
580 1951 710 2032 dignum
734 1950 866 2018 offerret
894 1950 1090 2017 fraternitati
1119 1951 1216 2030 regiae
1247 1951 1288 2015 ad
1318 1949 1417 2016 devo·

173 2053 274 2120 tionis
287 2052 437 2119 affectum
451 2055 679 2138 ampliandum.
725 2054 927 2124 Acciditdeo
941 2056 1146 2139 disponente,
1165 2055 1252 2138 quod
1276 2054 1316 2120 de
1340 2073 1414 2121 con-

104 2165 138 2211 10
175 2159 250 2224 cilio
272 2158 416 2239 generali
435 2159 604 2241 Lugdunis
633 2161 800 2228 celebrato
824 2162 885 2227 sub
909 2162 1039 2227 domino
1062 2177 1150 2243 papa
1172 2159 1333 2240 Gregorio
1356 2161 1413 2225 de-

176 2265 258 2329 cimo
281 2264 330 2328 vir
353 2263 413 2328 deo
437 2265 584 2346 devotus,
615 2265 764 2334 dominns
794 2269 992 2346 loannes,
1023 2264 1290 2347 archiepiscopus
1324 2266 1414 2345 regni

175 2367 354 2450 Ncrvegiac,
379 2387 449 2433 curn
474 2369 599 2436 nunciis
622 2371 700 2437 dicti
722 2373 808 2449 regis
822 2372 929 2454 Magni
954 2369 1097 2436 adfines
1120 2387 1198 2435 suos
1215 2371 1415 2452 repatriandi

175 2475 281 2554 gratia
303 2473 445 2539 Parisios
468 2477 639 2540 transitum
663 2475 864 2542 habuissent.
936 2509 939 2516 .

259 2597 307 2642 111.
353 2577 424 2656 Quo
448 2585 614 2662 comperto
637 2587 794 2663 reputans
816 2581 879 2646 hoc
901 2599 958 2646 rex
977 2579 1146 2661 Philippus
1166 2584 1247 2644 nutu
1275 2580 1328 2646 dei
1350 2581 1416 2647 fac-

106 2706 138 2751 11
175 2686 255 2763 tum,
277 2683 480 2765 propositum
503 2691 695 2768 conceptum
719 2686 916 2769 adimplevit.
963 2685 1048 2751 Inito
1068 2701 1138 2751 cunr
1159 2685 1355 2768 quibusdam
1378 2705 1416 2750 111

175 2787 421 2854 discretioribus
445 2789 591 2868 consilio,
613 2792 806 2873 particulam
829 2810 925 2857 unam
949 2791 989 2856 de
1012 2789 1125 2873 spinea
1155 2807 1276 2856 corana
1295 2791 1416 2855 domiui

174 2893 266 2958 fecit·
286 2893 319 2957 in
352 2909 412 2958 sna
444 2894 621 2976 praesentio
649 2915 709 2976 per
738 2898 839 2962 virum
867 2895 1055 2977 religiosum
1086 2895 1191 2960 secari
1220 2899 1254 2962 et
1275 2895 1309 2960 in
1331 2895 1415 2960 cbri-

175 2996 273 3062 stallo
303 3000 520 3080 transparentl
550 2999 663 3082 locari,
693 3020 790 3084 quam
821 3000 1020 3068 christallum
1049 3000 1153 3066 forma
1182 3001 1288 3082 augeli
1317 3019 1416 3084 opere

175 3103 359 3182 argentario
382 3110 523 3170 venusto·
540 3105 660 3188 decore
683 3106 852 3172 fabrefacti
875 3108 961 3173 inter
983 3123 1096 3171 manus
1118 3111 1230 3170 tenere
1251 3107 1388 3173 videtur.

105 3227 141 3274 ao
260 3227 304 3272 11.
349 3207 500 3274 Inritatus
524 3211 631 3274 estin
659 3211 721 3277 hoc
743 3211 881 3277 artificio
906 3210 1013 3291 angeli
1036 3227 1165 3276 corona
1187 3209 1343 3292 reliquias
1365 3215 1415 3278 te·

175 3313 283 3378 nentis
307 3329 364 3377 rex
394 3313 456 3378 deo
485 3314 623 3379 devotus
647 3316 827 3382 doctrinam
852 3315 1071 3396 evangelican
1096 3315 1265 3380 dominica
1287 3318 1415 3396 passio-

177 3417 228 3482 nis
251 3417 392 3499 insignia
413 3417 561 3499 angelico
584 3420 766 3486 ministerio
789 3425 976 3487 cunctorum
1004 3423 1082 3484 tunc
1105 3420 1252 3501 aspectui
1274 3437 1416 3508 prasen-

177 3521 303 3586 tendaz·
317 3539 388 3586 curn
416 3523 542 3589 venerit
570 3523 657 3590 filius
680 3525 821 3590 bominis
842 3543 913 3590 curn
937 3523 1063 3605 angelis
1086 3523 1153 3588 suis
1176 3524 1209 3588 in
1231 3524 1415 3614 majestate,

176 3631 253 3691 tnnc
275 3627 448 3708 apparebit
469 3630 597 3709 signum
619 3629 677 3694 dlii
700 3629 848 3709 hominis,
872 3632 904 3695 id
926 3634 978 3696 est
1000 3647 1076 3694 crux
1098 3627 1219 3693 Christi
1253 3647 1325 3694 oum
1348 3630 1416 3694 suis

106 3749 141 3797 aa
177 3731 357 3812 insignibus
378 3731 539 3798 lucentior
559 3734 661 3799 radiis
684 3735 772 3801 solis.

260 3855 291 3902 v.
337 3837 418 3902 Acta
446 3843 523 3903 sunt
549 3839 621 3904 baec
644 3839 786 3905 Parisius
813 3841 855 3904 ad
885 3839 1041 3904 honorem
1065 3837 1187 3903 domini
1215 3837 1320 3903 nostri
1342 3838 1416 3904 lesu

178 3939 300 4007 Christi
323 3945 358 4006 et
379 3943 565 4009 memoriam
590 3945 753 4026 passionis
775 3945 845 4027 ejus
869 3961 952 4008 anno
976 3943 1017 4008 ab
1040 3943 1264 4009 incarnatione
1297 3943 1416 4008 domini

178 4039 378 4130 [millesimo]
410 4047 633 4115 ducentesimo
658 4051 900 4133 septuagesimo
924 4053 1041 4131 quarto
1063 4047 1096 4112 in
1119 4048 1172 4113 die
1195 4047 1299 4114 sancti
1321 4047 1417 4114 Nico·

264 4243 311 4301 10.
357 4240 518 4300 concilium
542 4243 684 4317 generale
707 4237 879 4320 Lugdunia]
904 4221 1057 4300 Conciliat
1077 4243 1089 4300 i
1106 4239 1191 4316 Lyon
1225 4241 1337 4300 1111111
1370 4241 1417 4300 fra

178 4345 237 4406 7111
259 4347 322 4406 Mai
343 4346 379 4405 til
404 4347 482 4404 17111
504 4345 567 4406 Juli
591 4348 681 4406 1274.
1194 4411 1196 4414 ,

263 4453 312 4510 28.
358 4453 456 4510 sancti
477 4442 610 4528 Nicolai]
641 4471 710 4510 11111
737 4471 817 4511 11111
849 4471 887 4510 en
909 4451 987 4524 noir,
1016 4451 1061 4510 ihi
1086 4449 1144 4508 den
1166 4449 1222 4508 her
1243 4447 1416 4509 beelrrerna

176 4557 253 4616 Fest
274 4557 322 4616 for
343 4555 564 4614 Tornekronou
591 4559 600 4614 1
628 4558 658 4615 11
681 4560 779 4616 sainte
803 4555 949 4633 Chapalle
982 4557 1115 4614 fair-edes
1148 4555 1239 4614 1111
1262 4555 1418 4631 August

178 4659 222 4734 (in
246 4663 380 4720 crastino
404 4661 435 4719 S.
453 4657 634 4736 Laurentii),
654 4681 687 4720 11
711 4661 756 4720 De
775 4663 838 4722 1111
855 4667 887 4719 11
903 4661 1059 4722 miraculis
1082 4661 1114 4722 S.
1137 4659 1284 4801 hrrlrllorici
1308 4664 1416 4720 autore
