<?xml version="1.0" encoding="UTF-8"?>
<!DOCTYPE html PUBLIC "-//W3C//DTD XHTML 1.0 Transitional//EN"
    "http://www.w3.org/TR/xhtml1/DTD/xhtml1-transitional.dtd">
<html xmlns="http://www.w3.org/1999/xhtml" xml:lang="en" lang="en">
 <head>
  <title>
</title>
<meta http-equiv="Content-Type" content="text/html;charset=utf-8" />
  <meta name='ocr-system' content='tesseract 3.04.00' />
  <meta name='ocr-capabilities' content='ocr_page ocr_carea ocr_par ocr_line ocrx_word'/>
</head>
<body>
  <div class='ocr_page' id='page_1' title='image "./monumentahistor01storgoog/monumentahistor01storgoog_0207.png"; bbox 0 0 3654 5336; ppageno 0'>
   <div class='ocr_carea' id='block_1_1' title="bbox 772 1431 900 1518">
    <p class='ocr_par' dir='ltr' id='par_1_1' title="bbox 772 1431 900 1518">
     <span class='ocr_line' id='line_1_1' title="bbox 772 1431 900 1518; baseline 0.008 -18"><span class='ocrx_word' id='word_1_1' title='bbox 772 1431 849 1518; x_wconf 78' lang='lat' dir='ltr'><strong>Gap.</strong></span> <span class='ocrx_word' id='word_1_2' title='bbox 873 1434 900 1501; x_wconf 93' lang='lat' dir='ltr'><strong>I.</strong></span> 
     </span>
    </p>
   </div>
   <div class='ocr_carea' id='block_1_2' title="bbox 213 1599 1454 1791">
    <p class='ocr_par' dir='ltr' id='par_1_2' title="bbox 213 1599 1454 1791">
     <span class='ocr_line' id='line_1_2' title="bbox 213 1599 1454 1686; baseline 0 -18"><span class='ocrx_word' id='word_1_3' title='bbox 213 1599 358 1670; x_wconf 80' lang='lat' dir='ltr'><strong>Sancti</strong></span> <span class='ocrx_word' id='word_1_4' title='bbox 387 1602 622 1682; x_wconf 66' lang='lat' dir='ltr'><strong>conversim</strong></span> <span class='ocrx_word' id='word_1_5' title='bbox 650 1600 822 1668; x_wconf 84' lang='lat' dir='ltr'><strong>labores</strong></span> <span class='ocrx_word' id='word_1_6' title='bbox 849 1603 939 1685; x_wconf 84' lang='lat' dir='ltr'><strong>ejus</strong></span> <span class='ocrx_word' id='word_1_7' title='bbox 962 1603 1194 1686; x_wconf 87' lang='lat' dir='ltr'><strong>apostolici</strong></span> <span class='ocrx_word' id='word_1_8' title='bbox 1216 1620 1295 1670; x_wconf 91' lang='lat' dir='ltr'><strong>uon</strong></span> <span class='ocrx_word' id='word_1_9' title='bbox 1317 1603 1454 1672; x_wconf 86' lang='lat' dir='ltr'><strong>miuus</strong></span> 
     </span>
     <span class='ocr_line' id='line_1_3' title="bbox 561 1705 1109 1791; baseline 0.002 -18"><span class='ocrx_word' id='word_1_10' title='bbox 561 1725 678 1790; x_wconf 86' lang='lat' dir='ltr'><strong>quam</strong></span> <span class='ocrx_word' id='word_1_11' title='bbox 699 1705 826 1789; x_wconf 81' lang='lat' dir='ltr'><strong>regii;</strong></span> <span class='ocrx_word' id='word_1_12' title='bbox 857 1708 1109 1791; x_wconf 76' lang='lat' dir='ltr'><strong>martyrium.</strong></span> 
     </span>
    </p>
   </div>
   <div class='ocr_carea' id='block_1_3' title="bbox 146 1857 1456 3306">
    <p class='ocr_par' dir='ltr' id='par_1_3' title="bbox 297 1857 1452 1942">
     <span class='ocr_line' id='line_1_4' title="bbox 297 1857 1452 1942; baseline -0.002 -17"><span class='ocrx_word' id='word_1_13' title='bbox 297 1885 319 1925; x_wconf 93' lang='lat'><strong>1.</strong></span> <span class='ocrx_word' id='word_1_14' title='bbox 363 1857 531 1942; x_wconf 80' lang='lat' dir='ltr'><strong>Regnante</strong></span> <span class='ocrx_word' id='word_1_15' title='bbox 560 1857 784 1925; x_wconf 87' lang='lat' dir='ltr'><strong>iilustrissimo</strong></span> <span class='ocrx_word' id='word_1_16' title='bbox 806 1877 883 1942; x_wconf 79' lang='lat' dir='ltr'><strong>rege</strong></span> <span class='ocrx_word' id='word_1_17' title='bbox 907 1857 1007 1926; x_wconf 84' lang='lat' dir='ltr'><strong>Olavo</strong></span> <span class='ocrx_word' id='word_1_18' title='bbox 1037 1861 1121 1941; x_wconf 90' lang='lat' dir='ltr'><strong>apud</strong></span> <span class='ocrx_word' id='word_1_19' title='bbox 1144 1858 1358 1941; x_wconf 81' lang='lat' dir='ltr'><strong>Norwegiam,</strong></span> <span class='ocrx_word' id='word_1_20' title='bbox 1381 1873 1452 1940; x_wconf 84' lang='lat' dir='ltr'><strong>quae</strong></span> 
     </span>
    </p>

    <p class='ocr_par' dir='ltr' id='par_1_4' title="bbox 162 1957 1456 2466">
     <span class='ocr_line' id='line_1_5' title="bbox 162 1957 1455 2048; baseline 0.001 -22"><span class='ocrx_word' id='word_1_21' title='bbox 162 1981 178 2026; x_wconf 88' lang='lat' dir='ltr'><strong>o</strong></span> <span class='ocrx_word' id='word_1_22' title='bbox 213 1966 264 2030; x_wconf 89' lang='lat' dir='ltr'><strong>est</strong></span> <span class='ocrx_word' id='word_1_23' title='bbox 285 1966 375 2029; x_wconf 89' lang='lat' dir='ltr'><strong>terra</strong></span> <span class='ocrx_word' id='word_1_24' title='bbox 396 1963 608 2045; x_wconf 78' lang='lat' dir='ltr'><strong>praegrandis,</strong></span> <span class='ocrx_word' id='word_1_25' title='bbox 637 1981 752 2030; x_wconf 85' lang='lat' dir='ltr'><strong>versus</strong></span> <span class='ocrx_word' id='word_1_26' title='bbox 775 1963 960 2048; x_wconf 81' lang='lat' dir='ltr'><strong>aquilonem</strong></span> <span class='ocrx_word' id='word_1_27' title='bbox 983 1963 1100 2045; x_wconf 88' lang='lat' dir='ltr'><strong>locata,</strong></span> <span class='ocrx_word' id='word_1_28' title='bbox 1124 1983 1144 2030; x_wconf 90' lang='lat' dir='ltr'><strong>a</strong></span> <span class='ocrx_word' id='word_1_29' title='bbox 1165 1965 1299 2030; x_wconf 87' lang='lat' dir='ltr'><strong>meridie</strong></span> <span class='ocrx_word' id='word_1_30' title='bbox 1321 1957 1455 2030; x_wconf 80' lang='lat' dir='ltr'><strong>Daciam</strong></span> 
     </span>
     <span class='ocr_line' id='line_1_6' title="bbox 211 2065 1456 2162; baseline 0.001 -30"><span class='ocrx_word' id='word_1_31' title='bbox 211 2065 346 2148; x_wconf 88' lang='lat' dir='ltr'><strong>habens,</strong></span> <span class='ocrx_word' id='word_1_32' title='bbox 375 2067 512 2134; x_wconf 86' lang='lat' dir='ltr'><strong>eandem</strong></span> <span class='ocrx_word' id='word_1_33' title='bbox 541 2069 680 2151; x_wconf 81' lang='lat' dir='ltr'><strong>ingressi</strong></span> <span class='ocrx_word' id='word_1_34' title='bbox 709 2073 786 2162; x_wconf 85' lang='lat' dir='ltr'><strong>sunt¹</strong></span> <span class='ocrx_word' id='word_1_35' title='bbox 815 2073 934 2136; x_wconf 85' lang='lat' dir='ltr'><strong>terram</strong></span> <span class='ocrx_word' id='word_1_36' title='bbox 957 2069 1060 2152; x_wconf 88' lang='lat' dir='ltr'><strong>pedes</strong></span> <span class='ocrx_word' id='word_1_37' title='bbox 1082 2069 1373 2148; x_wconf 77' lang='lat' dir='ltr'><strong>euangelizantium</strong></span> <span class='ocrx_word' id='word_1_38' title='bbox 1398 2087 1456 2153; x_wconf 89' lang='lat' dir='ltr'><strong>pa·</strong></span> 
     </span>
     <span class='ocr_line' id='line_1_7' title="bbox 212 2163 1454 2258; baseline 0 -20"><span class='ocrx_word' id='word_1_39' title='bbox 212 2190 292 2250; x_wconf 88' lang='lat' dir='ltr'><strong>cem,</strong></span> <span class='ocrx_word' id='word_1_40' title='bbox 321 2163 612 2255; x_wconf 81' lang='lat' dir='ltr'><strong>euangelizantiurir</strong></span> <span class='ocrx_word' id='word_1_41' title='bbox 642 2173 738 2240; x_wconf 87' lang='lat' dir='ltr'><strong>bona.</strong></span> <span class='ocrx_word' id='word_1_42' title='bbox 793 2173 961 2239; x_wconf 77' lang='lat' dir='ltr'><strong>Hactenus</strong></span> <span class='ocrx_word' id='word_1_43' title='bbox 987 2173 1156 2258; x_wconf 80' lang='lat' dir='ltr'><strong>sacrilegis</strong></span> <span class='ocrx_word' id='word_1_44' title='bbox 1177 2173 1340 2241; x_wconf 90' lang='lat' dir='ltr'><strong>idolorum</strong></span> <span class='ocrx_word' id='word_1_45' title='bbox 1363 2191 1454 2238; x_wconf 88' lang='lat' dir='ltr'><strong>man·</strong></span> 
     </span>
     <span class='ocr_line' id='line_1_8' title="bbox 211 2277 1454 2361; baseline -0.001 -17"><span class='ocrx_word' id='word_1_46' title='bbox 211 2277 328 2360; x_wconf 85' lang='lat' dir='ltr'><strong>cipatae</strong></span> <span class='ocrx_word' id='word_1_47' title='bbox 359 2277 476 2344; x_wconf 88' lang='lat' dir='ltr'><strong>ritibus</strong></span> <span class='ocrx_word' id='word_1_48' title='bbox 507 2281 541 2344; x_wconf 91' lang='lat' dir='ltr'><strong>et</strong></span> <span class='ocrx_word' id='word_1_49' title='bbox 573 2278 808 2361; x_wconf 84' lang='lat' dir='ltr'>superstitiosis</span> <span class='ocrx_word' id='word_1_50' title='bbox 842 2279 1008 2345; x_wconf 91' lang='lat' dir='ltr'><strong>erroribus</strong></span> <span class='ocrx_word' id='word_1_51' title='bbox 1046 2278 1169 2346; x_wconf 78' lang='lat' dir='ltr'><strong>delusas</strong></span> <span class='ocrx_word' id='word_1_52' title='bbox 1202 2277 1352 2344; x_wconf 89' lang='lat' dir='ltr'><strong>nationes</strong></span> <span class='ocrx_word' id='word_1_53' title='bbox 1389 2277 1454 2343; x_wconf 88' lang='lat' dir='ltr'>iilae</span> 
     </span>
     <span class='ocr_line' id='line_1_9' title="bbox 211 2379 1454 2466; baseline 0 -18"><span class='ocrx_word' id='word_1_54' title='bbox 211 2382 280 2448; x_wconf 79' lang='lat' dir='ltr'><strong>veri</strong></span> <span class='ocrx_word' id='word_1_55' title='bbox 304 2381 357 2449; x_wconf 90' lang='lat' dir='ltr'><strong>dei</strong></span> <span class='ocrx_word' id='word_1_56' title='bbox 386 2379 482 2448; x_wconf 91' lang='lat' dir='ltr'><strong>fidem</strong></span> <span class='ocrx_word' id='word_1_57' title='bbox 511 2387 545 2448; x_wconf 91' lang='lat' dir='ltr'><strong>et</strong></span> <span class='ocrx_word' id='word_1_58' title='bbox 575 2382 694 2449; x_wconf 90' lang='lat' dir='ltr'><strong>cultum</strong></span> <span class='ocrx_word' id='word_1_59' title='bbox 726 2382 897 2448; x_wconf 84' lang='lat' dir='ltr'><strong>audierant</strong></span> <span class='ocrx_word' id='word_1_60' title='bbox 923 2383 1064 2466; x_wconf 90' lang='lat' dir='ltr'><strong>quidem,</strong></span> <span class='ocrx_word' id='word_1_61' title='bbox 1088 2385 1148 2450; x_wconf 92' lang='lat' dir='ltr'><strong>sed</strong></span> <span class='ocrx_word' id='word_1_62' title='bbox 1171 2383 1263 2449; x_wconf 90' lang='lat' dir='ltr'><strong>multi</strong></span> <span class='ocrx_word' id='word_1_63' title='bbox 1288 2383 1454 2466; x_wconf 83' lang='lat' dir='ltr'>suscipere</span> 
     </span>
    </p>

    <p class='ocr_par' dir='ltr' id='par_1_5' title="bbox 146 2485 1456 2991">
     <span class='ocr_line' id='line_1_10' title="bbox 146 2485 1456 2570; baseline -0.001 -15"><span class='ocrx_word' id='word_1_64' title='bbox 146 2507 178 2556; x_wconf 85' lang='grc' dir='ltr'><strong>ιο</strong></span> <span class='ocrx_word' id='word_1_65' title='bbox 212 2492 491 2570; x_wconf 79' lang='lat' dir='ltr'>contempserant:</span> <span class='ocrx_word' id='word_1_66' title='bbox 515 2487 600 2552; x_wconf 89' lang='lat' dir='ltr'><strong>sicut</strong></span> <span class='ocrx_word' id='word_1_67' title='bbox 623 2487 706 2552; x_wconf 90' lang='lat' dir='ltr'><strong>enim</strong></span> <span class='ocrx_word' id='word_1_68' title='bbox 729 2487 804 2552; x_wconf 87' lang='lat' dir='ltr'><strong>loca</strong></span> <span class='ocrx_word' id='word_1_69' title='bbox 825 2485 968 2570; x_wconf 88' lang='lat' dir='ltr'><strong>aquiloni</strong></span> <span class='ocrx_word' id='word_1_70' title='bbox 989 2489 1134 2570; x_wconf 80' lang='lat' dir='ltr'><strong>proxima</strong></span> <span class='ocrx_word' id='word_1_71' title='bbox 1150 2487 1387 2568; x_wconf 76' lang='lat' dir='ltr'><strong>inhabitabant,</strong></span> <span class='ocrx_word' id='word_1_72' title='bbox 1408 2487 1456 2554; x_wconf 86' lang='lat' dir='ltr'><strong>ita</strong></span> 
     </span>
     <span class='ocr_line' id='line_1_11' title="bbox 211 2589 1453 2674; baseline 0.002 -18"><span class='ocrx_word' id='word_1_73' title='bbox 211 2589 403 2658; x_wconf 85' lang='lat' dir='ltr'><strong>familiarius</strong></span> <span class='ocrx_word' id='word_1_74' title='bbox 434 2609 490 2658; x_wconf 93' lang='lat' dir='ltr'><strong>eos</strong></span> <span class='ocrx_word' id='word_1_75' title='bbox 517 2590 713 2674; x_wconf 85' lang='lat' dir='ltr'>possederat</span> <span class='ocrx_word' id='word_1_76' title='bbox 740 2597 774 2658; x_wconf 93' lang='lat' dir='ltr'><strong>et</strong></span> <span class='ocrx_word' id='word_1_77' title='bbox 800 2592 958 2658; x_wconf 88' lang='lat' dir='ltr'><strong>tenaciori</strong></span> <span class='ocrx_word' id='word_1_78' title='bbox 980 2593 1085 2674; x_wconf 81' lang='lat' dir='ltr'><strong>glaeie</strong></span> <span class='ocrx_word' id='word_1_79' title='bbox 1107 2591 1311 2658; x_wconf 88' lang='lat' dir='ltr'><strong>infidelitatis</strong></span> <span class='ocrx_word' id='word_1_80' title='bbox 1334 2593 1453 2658; x_wconf 90' lang='lat' dir='ltr'><strong>astrin-</strong></span> 
     </span>
     <span class='ocr_line' id='line_1_12' title="bbox 212 2694 1455 2782; baseline 0.002 -21"><span class='ocrx_word' id='word_1_81' title='bbox 212 2701 306 2762; x_wconf 84' lang='lat' dir='ltr'><strong>xerat</strong></span> <span class='ocrx_word' id='word_1_82' title='bbox 335 2694 480 2778; x_wconf 85' lang='lat' dir='ltr'><strong>aquilo</strong></span> <span class='ocrx_word' id='word_1_83' title='bbox 509 2695 594 2776; x_wconf 90' lang='lat' dir='ltr'><strong>ille,</strong></span> <span class='ocrx_word' id='word_1_84' title='bbox 624 2715 643 2760; x_wconf 90' lang='lat' dir='ltr'><strong>a</strong></span> <span class='ocrx_word' id='word_1_85' title='bbox 676 2714 749 2780; x_wconf 90' lang='lat' dir='ltr'><strong>quo</strong></span> <span class='ocrx_word' id='word_1_86' title='bbox 782 2697 972 2779; x_wconf 87' lang='lat' dir='ltr'><strong>panditur</strong></span> <span class='ocrx_word' id='word_1_87' title='bbox 1006 2715 1117 2763; x_wconf 90' lang='lat' dir='ltr'><strong>omne</strong></span> <span class='ocrx_word' id='word_1_88' title='bbox 1151 2695 1294 2763; x_wconf 88' lang='lat' dir='ltr'><strong>malum</strong></span> <span class='ocrx_word' id='word_1_89' title='bbox 1331 2716 1455 2782; x_wconf 90' lang='lat' dir='ltr'><strong>super</strong></span> 
     </span>
     <span class='ocr_line' id='line_1_13' title="bbox 212 2799 1447 2886; baseline 0.002 -20"><span class='ocrx_word' id='word_1_90' title='bbox 212 2801 450 2868; x_wconf 82' lang='lat' dir='ltr'><strong>universam</strong></span> <span class='ocrx_word' id='word_1_91' title='bbox 477 2799 629 2866; x_wconf 80' lang='lat' dir='ltr'><strong>faciem</strong></span> <span class='ocrx_word' id='word_1_92' title='bbox 659 2807 780 2867; x_wconf 77' lang='lat' dir='ltr'><strong>terra</strong></span> <span class='ocrx_word' id='word_1_93' title='bbox 810 2807 851 2867; x_wconf 88' lang='lat' dir='ltr'><strong>et</strong></span> <span class='ocrx_word' id='word_1_94' title='bbox 879 2820 899 2868; x_wconf 89' lang='lat' dir='ltr'><strong>a</strong></span> <span class='ocrx_word' id='word_1_95' title='bbox 927 2802 1042 2886; x_wconf 87' lang='lat' dir='ltr'><strong>cujus</strong></span> <span class='ocrx_word' id='word_1_96' title='bbox 1072 2801 1184 2872; x_wconf 89' lang='lat' dir='ltr'><strong>facie</strong></span> <span class='ocrx_word' id='word_1_97' title='bbox 1212 2799 1338 2870; x_wconf 87' lang='lat' dir='ltr'><strong>ollam</strong></span> <span class='ocrx_word' id='word_1_98' title='bbox 1360 2820 1447 2869; x_wconf 90' lang='lat' dir='ltr'><strong>suc·</strong></span> 
     </span>
     <span class='ocr_line' id='line_1_14' title="bbox 215 2905 1453 2991; baseline 0.003 -21"><span class='ocrx_word' id='word_1_99' title='bbox 215 2921 375 2970; x_wconf 90' lang='lat' dir='ltr'><strong>censam</strong></span> <span class='ocrx_word' id='word_1_100' title='bbox 411 2905 519 2970; x_wconf 87' lang='lat' dir='ltr'><strong>vidit</strong></span> <span class='ocrx_word' id='word_1_101' title='bbox 545 2905 758 2986; x_wconf 87' lang='lat' dir='ltr'><strong>Ieremias,</strong></span> <span class='ocrx_word' id='word_1_102' title='bbox 791 2907 906 2991; x_wconf 89' lang='lat' dir='ltr'><strong>etqui</strong></span> <span class='ocrx_word' id='word_1_103' title='bbox 940 2906 971 2972; x_wconf 91' lang='lat' dir='ltr'><strong>in</strong></span> <span class='ocrx_word' id='word_1_104' title='bbox 999 2907 1085 2974; x_wconf 87' lang='lat' dir='ltr'><strong>Isaia</strong></span> <span class='ocrx_word' id='word_1_105' title='bbox 1112 2909 1278 2990; x_wconf 84' lang='lat' dir='ltr'><strong>jactanter</strong></span> <span class='ocrx_word' id='word_1_106' title='bbox 1306 2906 1453 2989; x_wconf 79' lang='lat' dir='ltr'><strong>protere:</strong></span> 
     </span>
    </p>

    <p class='ocr_par' dir='ltr' id='par_1_6' title="bbox 149 3007 1453 3306">
     <span class='ocr_line' id='line_1_15' title="bbox 149 3007 1449 3092; baseline 0 -14"><span class='ocrx_word' id='word_1_107' title='bbox 149 3032 181 3080; x_wconf 85' lang='lat' dir='ltr'><strong>ro</strong></span> <span class='ocrx_word' id='word_1_108' title='bbox 216 3009 343 3092; x_wconf 87' lang='lat' dir='ltr'><strong>Super</strong></span> <span class='ocrx_word' id='word_1_109' title='bbox 376 3014 492 3075; x_wconf 87' lang='lat' dir='ltr'><strong>astra</strong></span> <span class='ocrx_word' id='word_1_110' title='bbox 526 3007 615 3075; x_wconf 80' lang='lat' dir='ltr'><strong>caeli</strong></span> <span class='ocrx_word' id='word_1_111' title='bbox 643 3009 830 3076; x_wconf 87' lang='lat' dir='ltr'><strong>exaltabo</strong></span> <span class='ocrx_word' id='word_1_112' title='bbox 860 3011 1009 3078; x_wconf 88' lang='lat' dir='ltr'><strong>solium</strong></span> <span class='ocrx_word' id='word_1_113' title='bbox 1040 3031 1185 3092; x_wconf 91' lang='lat' dir='ltr'><strong>meum;</strong></span> <span class='ocrx_word' id='word_1_114' title='bbox 1219 3011 1377 3079; x_wconf 90' lang='lat' dir='ltr'><strong>sedebo</strong></span> <span class='ocrx_word' id='word_1_115' title='bbox 1410 3013 1449 3078; x_wconf 91' lang='lat' dir='ltr'><strong>in</strong></span> 
     </span>
     <span class='ocr_line' id='line_1_16' title="bbox 214 3113 1449 3201; baseline 0.003 -21"><span class='ocrx_word' id='word_1_116' title='bbox 214 3119 352 3180; x_wconf 91' lang='lat' dir='ltr'><strong>monte</strong></span> <span class='ocrx_word' id='word_1_117' title='bbox 386 3114 656 3194; x_wconf 83' lang='lat' dir='ltr'><strong>testamenti,</strong></span> <span class='ocrx_word' id='word_1_118' title='bbox 691 3113 730 3180; x_wconf 95' lang='lat' dir='ltr'><strong>in</strong></span> <span class='ocrx_word' id='word_1_119' title='bbox 760 3113 972 3184; x_wconf 90' lang='lat' dir='ltr'><strong>lateribus</strong></span> <span class='ocrx_word' id='word_1_120' title='bbox 1006 3115 1232 3201; x_wconf 88' lang='lat' dir='ltr'><strong>aquilonis.</strong></span> <span class='ocrx_word' id='word_1_121' title='bbox 1296 3115 1449 3184; x_wconf 78' lang='lat' dir='ltr'><strong>Ceterum</strong></span> 
     </span>
     <span class='ocr_line' id='line_1_17' title="bbox 215 3217 1453 3306; baseline 0.005 -22"><span class='ocrx_word' id='word_1_122' title='bbox 215 3237 350 3302; x_wconf 82' lang='lat' dir='ltr'><strong>magnus</strong></span> <span class='ocrx_word' id='word_1_123' title='bbox 375 3220 525 3286; x_wconf 89' lang='lat' dir='ltr'><strong>dominus</strong></span> <span class='ocrx_word' id='word_1_124' title='bbox 558 3224 592 3285; x_wconf 93' lang='lat' dir='ltr'><strong>et</strong></span> <span class='ocrx_word' id='word_1_125' title='bbox 619 3217 793 3284; x_wconf 87' lang='lat' dir='ltr'><strong>laudabilis</strong></span> <span class='ocrx_word' id='word_1_126' title='bbox 819 3219 925 3300; x_wconf 88' lang='lat' dir='ltr'><strong>nimis,</strong></span> <span class='ocrx_word' id='word_1_127' title='bbox 955 3223 1009 3305; x_wconf 93' lang='lat' dir='ltr'><strong>qui</strong></span> <span class='ocrx_word' id='word_1_128' title='bbox 1040 3223 1080 3288; x_wconf 92' lang='lat' dir='ltr'><strong>de</strong></span> <span class='ocrx_word' id='word_1_129' title='bbox 1109 3221 1268 3290; x_wconf 89' lang='lat' dir='ltr'><strong>lateribus</strong></span> <span class='ocrx_word' id='word_1_130' title='bbox 1292 3223 1453 3306; x_wconf 90' lang='lat' dir='ltr'><strong>aquilonis</strong></span> 
     </span>
    </p>
   </div>
   <div class='ocr_carea' id='block_1_4' title="bbox 215 3407 1473 4536">
    <p class='ocr_par' dir='ltr' id='par_1_7' title="bbox 217 3407 1456 3594">
     <span class='ocr_line' id='line_1_18' title="bbox 301 3407 1456 3492; baseline 0.004 -21"><span class='ocrx_word' id='word_1_131' title='bbox 301 3415 329 3471; x_wconf 88' lang='grc'><strong>6.</strong></span> <span class='ocrx_word' id='word_1_132' title='bbox 373 3407 484 3490; x_wconf 86' lang='lat' dir='ltr'><strong>pedes]</strong></span> <span class='ocrx_word' id='word_1_133' title='bbox 516 3413 581 3471; x_wconf 92' lang='lat' dir='ltr'><strong>sml.</strong></span> <span class='ocrx_word' id='word_1_134' title='bbox 604 3411 664 3489; x_wconf 84' lang='lat' dir='ltr'><strong>Ep.</strong></span> <span class='ocrx_word' id='word_1_135' title='bbox 688 3409 726 3470; x_wconf 87' lang='lat' dir='ltr'><strong>ad</strong></span> <span class='ocrx_word' id='word_1_136' title='bbox 751 3411 903 3473; x_wconf 87' lang='lat' dir='ltr'><strong>Romanos</strong></span> <span class='ocrx_word' id='word_1_137' title='bbox 930 3413 966 3487; x_wconf 90' lang='lat' dir='ltr'><strong>X,</strong></span> <span class='ocrx_word' id='word_1_138' title='bbox 996 3417 1046 3473; x_wconf 89' lang='lat'><strong>15:</strong></span> <span class='ocrx_word' id='word_1_139' title='bbox 1083 3413 1178 3488; x_wconf 84' lang='lat' dir='ltr'><strong>Quam</strong></span> <span class='ocrx_word' id='word_1_140' title='bbox 1201 3415 1336 3492; x_wconf 86' lang='lat' dir='ltr'><strong>speciosi</strong></span> <span class='ocrx_word' id='word_1_141' title='bbox 1358 3415 1456 3492; x_wconf 87' lang='lat' dir='ltr'><strong>pedes</strong></span> 
     </span>
     <span class='ocr_line' id='line_1_19' title="bbox 217 3517 1038 3594; baseline 0.001 -19"><span class='ocrx_word' id='word_1_142' title='bbox 217 3517 488 3593; x_wconf 81' lang='lat' dir='ltr'><strong>evangelizantium</strong></span> <span class='ocrx_word' id='word_1_143' title='bbox 510 3537 628 3594; x_wconf 85' lang='lat' dir='ltr'><strong>paoem,</strong></span> <span class='ocrx_word' id='word_1_144' title='bbox 652 3519 925 3594; x_wconf 78' lang='lat' dir='ltr'><strong>evangelizantium</strong></span> <span class='ocrx_word' id='word_1_145' title='bbox 947 3519 1038 3578; x_wconf 91' lang='lat' dir='ltr'><strong>bona.</strong></span> 
     </span>
    </p>

    <p class='ocr_par' dir='ltr' id='par_1_8' title="bbox 215 3613 1458 4116">
     <span class='ocr_line' id='line_1_20' title="bbox 304 3613 1458 3699; baseline 0.002 -17"><span class='ocrx_word' id='word_1_146' title='bbox 304 3625 351 3682; x_wconf 78' lang='lat'><strong>14.</strong></span> <span class='ocrx_word' id='word_1_147' title='bbox 396 3613 555 3698; x_wconf 85' lang='lat' dir='ltr'><strong>ieremias]</strong></span> <span class='ocrx_word' id='word_1_148' title='bbox 579 3621 644 3682; x_wconf 87' lang='lat' dir='ltr'><strong>ami.</strong></span> <span class='ocrx_word' id='word_1_149' title='bbox 668 3622 832 3699; x_wconf 89' lang='lat' dir='ltr'><strong>prophetia</strong></span> <span class='ocrx_word' id='word_1_150' title='bbox 847 3623 983 3682; x_wconf 86' lang='lat' dir='ltr'><strong>Ieremias</strong></span> <span class='ocrx_word' id='word_1_151' title='bbox 1005 3625 1029 3696; x_wconf 86' lang='lat'><strong>1,</strong></span> <span class='ocrx_word' id='word_1_152' title='bbox 1056 3626 1194 3684; x_wconf 83' lang='lat'>13-14:</span> <span class='ocrx_word' id='word_1_153' title='bbox 1218 3623 1259 3684; x_wconf 86' lang='lat' dir='ltr'><strong>Et</strong></span> <span class='ocrx_word' id='word_1_154' title='bbox 1277 3626 1390 3684; x_wconf 80' lang='lat' dir='ltr'><strong>iactum</strong></span> <span class='ocrx_word' id='word_1_155' title='bbox 1409 3630 1458 3684; x_wconf 86' lang='lat' dir='ltr'><strong>est</strong></span> 
     </span>
     <span class='ocr_line' id='line_1_21' title="bbox 215 3713 1454 3801; baseline 0.004 -17"><span class='ocrx_word' id='word_1_156' title='bbox 215 3713 341 3786; x_wconf 86' lang='lat' dir='ltr'><strong>verbum</strong></span> <span class='ocrx_word' id='word_1_157' title='bbox 361 3721 484 3786; x_wconf 85' lang='lat' dir='ltr'><strong>Domini</strong></span> <span class='ocrx_word' id='word_1_158' title='bbox 506 3726 642 3787; x_wconf 89' lang='lat' dir='ltr'><strong>secundo</strong></span> <span class='ocrx_word' id='word_1_159' title='bbox 665 3723 704 3784; x_wconf 87' lang='lat' dir='ltr'><strong>ad</strong></span> <span class='ocrx_word' id='word_1_160' title='bbox 727 3745 774 3783; x_wconf 87' lang='lat' dir='ltr'><strong>ma</strong></span> <span class='ocrx_word' id='word_1_161' title='bbox 802 3725 923 3786; x_wconf 84' lang='lat' dir='ltr'><strong>dicens:</strong></span> <span class='ocrx_word' id='word_1_162' title='bbox 969 3727 1049 3801; x_wconf 81' lang='lat' dir='ltr'><strong>Quid</strong></span> <span class='ocrx_word' id='word_1_163' title='bbox 1081 3733 1116 3788; x_wconf 87' lang='lat' dir='ltr'><strong>tu</strong></span> <span class='ocrx_word' id='word_1_164' title='bbox 1148 3729 1256 3788; x_wconf 82' lang='lat' dir='ltr'><strong>vides?</strong></span> <span class='ocrx_word' id='word_1_165' title='bbox 1298 3729 1340 3789; x_wconf 81' lang='lat' dir='ltr'><strong>Et</strong></span> <span class='ocrx_word' id='word_1_166' title='bbox 1373 3729 1454 3789; x_wconf 80' lang='lat' dir='ltr'><strong>dixi:</strong></span> 
     </span>
     <span class='ocr_line' id='line_1_22' title="bbox 217 3829 1458 3911; baseline 0.002 -22"><span class='ocrx_word' id='word_1_167' title='bbox 217 3829 315 3890; x_wconf 85' lang='lat' dir='ltr'><strong>Ollam</strong></span> <span class='ocrx_word' id='word_1_168' title='bbox 342 3850 521 3891; x_wconf 82' lang='lat' dir='ltr'><strong>succensam</strong></span> <span class='ocrx_word' id='word_1_169' title='bbox 555 3851 611 3908; x_wconf 78' lang='lat' dir='ltr'><strong>ego</strong></span> <span class='ocrx_word' id='word_1_170' title='bbox 644 3831 736 3890; x_wconf 86' lang='lat' dir='ltr'><strong>video</strong></span> <span class='ocrx_word' id='word_1_171' title='bbox 769 3834 801 3889; x_wconf 85' lang='lat' dir='ltr'><strong>et</strong></span> <span class='ocrx_word' id='word_1_172' title='bbox 832 3831 939 3890; x_wconf 81' lang='lat' dir='ltr'><strong>faciem</strong></span> <span class='ocrx_word' id='word_1_173' title='bbox 973 3834 1038 3908; x_wconf 88' lang='lat' dir='ltr'><strong>ejus</strong></span> <span class='ocrx_word' id='word_1_174' title='bbox 1062 3854 1080 3892; x_wconf 92' lang='lat' dir='ltr'><strong>a</strong></span> <span class='ocrx_word' id='word_1_175' title='bbox 1101 3834 1179 3892; x_wconf 76' lang='lat' dir='ltr'><strong>facie</strong></span> <span class='ocrx_word' id='word_1_176' title='bbox 1202 3832 1364 3911; x_wconf 89' lang='lat' dir='ltr'><strong>aquilonis.</strong></span> <span class='ocrx_word' id='word_1_177' title='bbox 1416 3833 1458 3893; x_wconf 88' lang='lat' dir='ltr'><strong>Et</strong></span> 
     </span>
     <span class='ocr_line' id='line_1_23' title="bbox 217 3935 1455 4017; baseline 0.002 -22"><span class='ocrx_word' id='word_1_178' title='bbox 217 3936 295 3995; x_wconf 81' lang='lat' dir='ltr'>dixit</span> <span class='ocrx_word' id='word_1_179' title='bbox 319 3935 467 3996; x_wconf 90' lang='lat' dir='ltr'><strong>Dominus</strong></span> <span class='ocrx_word' id='word_1_180' title='bbox 502 3937 624 3996; x_wconf 86' lang='lat' dir='ltr'><strong>adme:</strong></span> <span class='ocrx_word' id='word_1_181' title='bbox 658 3935 705 3996; x_wconf 79' lang='lat' dir='ltr'><strong>Ab</strong></span> <span class='ocrx_word' id='word_1_182' title='bbox 728 3935 871 4012; x_wconf 87' lang='lat' dir='ltr'><strong>aquilone</strong></span> <span class='ocrx_word' id='word_1_183' title='bbox 899 3937 1053 4012; x_wconf 88' lang='lat' dir='ltr'><strong>pandetur</strong></span> <span class='ocrx_word' id='word_1_184' title='bbox 1085 3937 1196 3997; x_wconf 88' lang='lat' dir='ltr'><strong>malum</strong></span> <span class='ocrx_word' id='word_1_185' title='bbox 1225 3959 1320 4017; x_wconf 86' lang='lat' dir='ltr'><strong>snper</strong></span> <span class='ocrx_word' id='word_1_186' title='bbox 1350 3959 1455 3999; x_wconf 88' lang='lat' dir='ltr'><strong>omnes</strong></span> 
     </span>
     <span class='ocr_line' id='line_1_24' title="bbox 216 4039 530 4116; baseline 0 -18"><span class='ocrx_word' id='word_1_187' title='bbox 216 4039 406 4116; x_wconf 86' lang='lat' dir='ltr'><strong>habitatores</strong></span> <span class='ocrx_word' id='word_1_188' title='bbox 429 4046 530 4102; x_wconf 79' lang='lat' dir='ltr'><strong>terras.</strong></span> 
     </span>
    </p>

    <p class='ocr_par' dir='ltr' id='par_1_9' title="bbox 217 4137 1473 4536">
     <span class='ocr_line' id='line_1_25' title="bbox 305 4137 1454 4222; baseline 0.003 -18"><span class='ocrx_word' id='word_1_189' title='bbox 305 4148 352 4206; x_wconf 83' lang='lat' dir='ltr'><strong>ld.</strong></span> <span class='ocrx_word' id='word_1_190' title='bbox 396 4137 488 4220; x_wconf 82' lang='lat' dir='ltr'><strong>lesia]</strong></span> <span class='ocrx_word' id='word_1_191' title='bbox 509 4145 576 4206; x_wconf 78' lang='lat' dir='ltr'><strong>sni.</strong></span> <span class='ocrx_word' id='word_1_192' title='bbox 593 4145 948 4222; x_wconf 66' lang='lat' dir='ltr'><strong>prophetandam,</strong></span> <span class='ocrx_word' id='word_1_193' title='bbox 970 4147 1108 4206; x_wconf 81' lang='lat'>12-13:</span> <span class='ocrx_word' id='word_1_194' title='bbox 1134 4147 1291 4221; x_wconf 78' lang='lat' dir='ltr'><strong>Quomodo</strong></span> <span class='ocrx_word' id='word_1_195' title='bbox 1312 4150 1454 4213; x_wconf 86' lang='lat' dir='ltr'><strong>cecidisti</strong></span> 
     </span>
     <span class='ocr_line' id='line_1_26' title="bbox 218 4230 1473 4330; baseline 0.004 -21"><span class='ocrx_word' id='word_1_196' title='bbox 218 4250 256 4309; x_wconf 86' lang='lat' dir='ltr'><strong>de</strong></span> <span class='ocrx_word' id='word_1_197' title='bbox 279 4250 354 4310; x_wconf 82' lang='lat' dir='ltr'><strong>ereio</strong></span> <span class='ocrx_word' id='word_1_198' title='bbox 376 4249 509 4322; x_wconf 78' lang='lat' dir='ltr'><strong>Lucifer,</strong></span> <span class='ocrx_word' id='word_1_199' title='bbox 533 4251 586 4328; x_wconf 87' lang='lat' dir='ltr'><strong>qui</strong></span> <span class='ocrx_word' id='word_1_200' title='bbox 608 4269 694 4309; x_wconf 88' lang='lat' dir='ltr'><strong>mene</strong></span> <span class='ocrx_word' id='word_1_201' title='bbox 717 4247 889 4310; x_wconf 81' lang='lat' dir='ltr'><strong>oriebaris?</strong></span> <span class='ocrx_word' id='word_1_202' title='bbox 912 4252 1055 4310; x_wconf 79' lang='lat' dir='ltr'><strong>corruisti</strong></span> <span class='ocrx_word' id='word_1_203' title='bbox 1076 4253 1107 4310; x_wconf 92' lang='lat' dir='ltr'><strong>in</strong></span> <span class='ocrx_word' id='word_1_204' title='bbox 1126 4255 1249 4325; x_wconf 85' lang='lat' dir='ltr'><strong>terram,</strong></span> <span class='ocrx_word' id='word_1_205' title='bbox 1274 4255 1326 4330; x_wconf 86' lang='lat' dir='ltr'><strong>qui</strong></span> <span class='ocrx_word' id='word_1_206' title='bbox 1347 4230 1473 4314; x_wconf 78' lang='lat' dir='ltr'><strong>vulne-¹</strong></span> 
     </span>
     <span class='ocr_line' id='line_1_27' title="bbox 217 4336 1456 4432; baseline 0.005 -20"><span class='ocrx_word' id='word_1_207' title='bbox 217 4336 308 4413; x_wconf 68' lang='lat' dir='ltr'><strong>rubas</strong></span> <span class='ocrx_word' id='word_1_208' title='bbox 330 4353 458 4432; x_wconf 79' lang='lat' dir='ltr'><strong>gentes?</strong></span> <span class='ocrx_word' id='word_1_209' title='bbox 492 4354 549 4428; x_wconf 80' lang='lat' dir='ltr'><strong>Qui</strong></span> <span class='ocrx_word' id='word_1_210' title='bbox 574 4354 698 4414; x_wconf 86' lang='lat' dir='ltr'><strong>dicebas</strong></span> <span class='ocrx_word' id='word_1_211' title='bbox 719 4357 751 4414; x_wconf 89' lang='lat' dir='ltr'><strong>in</strong></span> <span class='ocrx_word' id='word_1_212' title='bbox 775 4354 959 4413; x_wconf 88' lang='lat' dir='ltr'><strong>cordetuo:</strong></span> <span class='ocrx_word' id='word_1_213' title='bbox 982 4355 1017 4415; x_wconf 90' lang='lat' dir='ltr'><strong>In</strong></span> <span class='ocrx_word' id='word_1_214' title='bbox 1040 4356 1147 4416; x_wconf 82' lang='lat' dir='ltr'><strong>crolum</strong></span> <span class='ocrx_word' id='word_1_215' title='bbox 1171 4359 1382 4431; x_wconf 89' lang='lat' dir='ltr'><strong>conscendam,</strong></span> <span class='ocrx_word' id='word_1_216' title='bbox 1408 4379 1456 4418; x_wconf 89' lang='lat' dir='ltr'><strong>su·</strong></span> 
     </span>
     <span class='ocr_line' id='line_1_28' title="bbox 217 4454 1467 4536; baseline -0.002 -18"><span class='ocrx_word' id='word_1_217' title='bbox 217 4477 275 4536; x_wconf 89' lang='lat' dir='ltr'><strong>per</strong></span> <span class='ocrx_word' id='word_1_218' title='bbox 297 4463 381 4519; x_wconf 81' lang='lat' dir='ltr'><strong>astra</strong></span> <span class='ocrx_word' id='word_1_219' title='bbox 409 4454 480 4519; x_wconf 86' lang='lat' dir='ltr'><strong>De&#39;i</strong></span> <span class='ocrx_word' id='word_1_220' title='bbox 512 4457 654 4518; x_wconf 85' lang='lat' dir='ltr'><strong>exaltabo</strong></span> <span class='ocrx_word' id='word_1_221' title='bbox 683 4457 793 4518; x_wconf 83' lang='lat' dir='ltr'><strong>solium</strong></span> <span class='ocrx_word' id='word_1_222' title='bbox 814 4476 922 4530; x_wconf 88' lang='lat' dir='ltr'><strong>meum,</strong></span> <span class='ocrx_word' id='word_1_223' title='bbox 950 4459 1065 4520; x_wconf 87' lang='lat' dir='ltr'><strong>sedebo</strong></span> <span class='ocrx_word' id='word_1_224' title='bbox 1086 4461 1119 4520; x_wconf 91' lang='lat' dir='ltr'><strong>in</strong></span> <span class='ocrx_word' id='word_1_225' title='bbox 1142 4466 1245 4521; x_wconf 85' lang='lat' dir='ltr'><strong>monte</strong></span> <span class='ocrx_word' id='word_1_226' title='bbox 1268 4465 1467 4536; x_wconf 84' lang='lat' dir='ltr'><strong>testamenti,¹</strong></span> 
     </span>
    </p>
   </div>
   <div class='ocr_carea' id='block_1_5' title="bbox 212 4562 1455 4746">
    <p class='ocr_par' dir='ltr' id='par_1_10' title="bbox 212 4562 1455 4746">
     <span class='ocr_line' id='line_1_29' title="bbox 212 4562 1455 4644; baseline 0.004 -23"><span class='ocrx_word' id='word_1_227' title='bbox 212 4563 247 4622; x_wconf 80' lang='lat' dir='ltr'><strong>‘in</strong></span> <span class='ocrx_word' id='word_1_228' title='bbox 270 4563 420 4622; x_wconf 86' lang='lat' dir='ltr'><strong>lateribus</strong></span> <span class='ocrx_word' id='word_1_229' title='bbox 447 4563 609 4640; x_wconf 87' lang='lat' dir='ltr'><strong>aquilonis.</strong></span> <span class='ocrx_word' id='word_1_230' title='bbox 626 4591 666 4602; x_wconf 86' lang='lat'>-</span> <span class='ocrx_word' id='word_1_231' title='bbox 682 4563 825 4624; x_wconf 86' lang='lat' dir='ltr'><strong>Allerede</strong></span> <span class='ocrx_word' id='word_1_232' title='bbox 848 4562 998 4624; x_wconf 85' lang='lat' dir='ltr'><strong>Homilien</strong></span> <span class='ocrx_word' id='word_1_233' title='bbox 1025 4565 1226 4626; x_wconf 80' lang='lat' dir='ltr'><strong>forudsretter</strong></span> <span class='ocrx_word' id='word_1_234' title='bbox 1248 4567 1301 4627; x_wconf 88' lang='lat' dir='ltr'><strong>det</strong></span> <span class='ocrx_word' id='word_1_235' title='bbox 1322 4571 1455 4644; x_wconf 76' lang='lat' dir='ltr'><strong>urigtige</strong></span> 
     </span>
     <span class='ocr_line' id='line_1_30' title="bbox 218 4667 1382 4746; baseline 0.002 -21"><span class='ocrx_word' id='word_1_236' title='bbox 218 4672 302 4726; x_wconf 83' lang='lat' dir='ltr'><strong>astra</strong></span> <span class='ocrx_word' id='word_1_237' title='bbox 324 4669 416 4739; x_wconf 74' lang='lat' dir='ltr'><strong>ossii,</strong></span> <span class='ocrx_word' id='word_1_238' title='bbox 441 4669 497 4728; x_wconf 88' lang='lat' dir='ltr'><strong>der</strong></span> <span class='ocrx_word' id='word_1_239' title='bbox 519 4671 575 4728; x_wconf 86' lang='lat' dir='ltr'><strong>her</strong></span> <span class='ocrx_word' id='word_1_240' title='bbox 596 4671 774 4726; x_wconf 80' lang='lat' dir='ltr'><strong>oversmttes</strong></span> <span class='ocrx_word' id='word_1_241' title='bbox 801 4667 1030 4746; x_wconf 68' lang='lat' dir='ltr'><strong>„bimiutnngi“.</strong></span> <span class='ocrx_word' id='word_1_242' title='bbox 1380 4675 1382 4687; x_wconf 94' lang='lat'>&#39;</span> 
     </span>
    </p>
   </div>
   <div class='ocr_carea' id='block_1_6' title="bbox 0 0 1837 5336">
    <p class='ocr_par' dir='ltr' id='par_1_11' title="bbox 0 0 1837 5336">
     <span class='ocr_line' id='line_1_31' title="bbox 0 0 1837 5336; baseline 0 0"><span class='ocrx_word' id='word_1_243' title='bbox 0 0 1837 5336; x_wconf 95' lang='lat' dir='ltr'><strong> </strong></span> 
     </span>
    </p>
   </div>
  </div>
 </body>
</html>
