3668 5348
360 341 400 434 oi
768 334 975 421 'nnnonnror
998 363 1161 426 mousom

351 551 458 634 inquit
486 569 542 619 rcx
570 549 674 630 Ponti,
705 551 804 618 nomo
835 551 1078 630 potentissimos
1109 557 1143 616 ct
1172 551 1360 631 ditissimus,
1391 553 1483 618 sonis
1515 571 1597 633 qus·

286 691 289 696 ·
354 655 504 736 draginta
521 655 640 731 bellum
661 654 822 736 protraxit
844 655 1012 730 nobiscum
1036 656 1134 730 soriis
1157 655 1337 736 eventibus,
1360 657 1530 724 duorum
1552 661 1596 722 et

353 761 507 842 elginti
539 760 721 842 gentium
751 776 820 824 rex
850 760 1028 826 totidem
1063 759 1222 839 linguis
1246 761 1340 842 juro
1371 760 1489 836 dixit,
1519 777 1593 842 pro

354 866 557 944 concione
578 865 768 946 singulos
797 864 885 931 sine
912 865 1155 946 interprete
1195 865 1365 934 eltutus.
1420 867 1499 932 Haec
1522 867 1597 948 ipss

353 969 466 1049 infelix
498 969 633 1046 smbitio
668 969 806 1039 mmovm
834 968 961 1052 Sytoim
989 971 1022 1039 iu
1044 970 1191 1052 jugulum
1220 972 1323 1052 petris
1351 971 1403 1038 sui
1437 970 1590 1038 cosdroe.

352 1075 395 1139 Et
418 1075 494 1156 quia
515 1074 611 1157 lolius
633 1073 721 1154 rogis
737 1074 933 1143 mentionem
958 1073 1103 1156 fecimus,
1127 1093 1237 1166 queso
1256 1093 1297 1142 nc
1316 1091 1489 1144 onerosum
1507 1075 1594 1142 ride·

353 1185 426 1246 atur
447 1179 572 1259 lectori,
595 1179 623 1243 oi
645 1197 750 1261 pauco
773 1179 813 1246 de
836 1180 982 1245 Romano
1010 1179 1150 1246 historin
1177 1185 1330 1260 excerpto
1358 1180 1410 1246 hic
1432 1184 1594 1262 ponuntur

352 1290 488 1373 propter
510 1284 598 1364 illum
620 1285 825 1367 scripturam,
849 1302 921 1368 qoae
944 1284 1047 1374 fertur
1066 1286 1105 1354 de
1126 1284 1324 1355 exaltatione
1344 1290 1465 1354 sanctu
1479 1285 1599 1366 crucis,¹

352 1373 392 1458 in
409 1410 473 1474 qua
494 1389 685 1472 quibusdem
710 1390 794 1456 veris
819 1389 921 1458 multo
937 1389 1021 1472 luiso
1034 1390 1182 1461 interlito
1206 1392 1291 1470 sunt,
1313 1395 1447 1473 propter
1469 1391 1594 1471 quode

353 1501 467 1563 sancto
477 1496 623 1561 Romano
646 1492 787 1560 ccclesia
806 1511 870 1558 non
890 1496 1054 1577 recipitur.
1101 1493 1253 1560 Gelasius
1273 1512 1412 1577 numque
1431 1513 1525 1576 pepo,
1543 1494 1593 1558 vir

353 1601 574 1686 doctissimus.
589 1604 622 1665 et
649 1616 774 1682 rongese
803 1599 1014 1674 suctorimtis
1036 1599 1071 1665 in
1099 1599 1237 1673 ecclesie
1262 1597 1334 1679 Dei,
1363 1600 1593 1681 compendioso

352 1723 504 1785 sermone
527 1705 671 1772 secernit
700 1704 904 1792 apocryphus
935 1703 1113 1786 scripturos
1142 1723 1163 1768 o
1188 1721 1280 1770 sacro
1311 1722 1443 1785 oenone,
1466 1703 1592 1772 dicens:

235 1797 256 1822 '
352 1829 417 1892 nou
448 1827 545 1892 egero
572 1808 744 1881 ecclesium
771 1809 834 1877 Dei
860 1807 1013 1876 lauimus
1041 1809 1318 1890 comprobatione,
1347 1827 1420 1890 que
1450 1809 1491 1874 oh
1521 1809 1594 1891 ipse

352 1917 491 1992 ueritate
512 1913 583 1982 Deo
607 1912 745 1985 suntote
768 1919 827 1990 est
867 1912 926 1978 Oui
948 1913 1064 1978 beatos
1077 1913 1274 1994 Augustinus
1289 1913 1437 1995 plurimis
1456 1913 1487 1980 io
1508 1913 1593 1982 locis

353 2022 529 2092 attestetur
550 2017 665 2088 conen
682 2035 784 2091 sensu
803 2021 837 2082 et
858 2035 954 2100 pmnc
973 2017 1092 2084 iisdem
1113 2018 1231 2087 verbis.
1275 2017 1372 2084 Ponit
1391 2017 1480 2082 idem
1497 2017 1592 2087 Golm

353 2125 420 2194 sius
444 2122 740 2206 intorspocryplm¹
762 2123 933 2206 pensiones
949 2123 1173 2206 apostolorum
1194 2127 1314 2204 preter
1329 2121 1430 2188 solius
1443 2122 1592 2202 nomos,

421 2275 433 2304 ³
450 2278 509 2330 nn.
528 2275 683 2342 npomrym
699 2277 727 2328 s.

352 2439 428 2499 tium
450 2435 657 2508 rexltotidem
677 2435 792 2512 linguis
810 2435 884 2510 juro
905 2434 990 2506 dixit,
1009 2453 1068 2512 pro
1093 2437 1235 2497 contione
1258 2435 1393 2512 cingimus
1414 2437 1482 2496 sinc
1500 2439 1592 2499 inten-

352 2546 441 2617 prote
464 2539 584 2605 effetus.

438 2644 467 2706 8.
512 2645 667 2722 scripturo
690 2644 727 2702 de
751 2645 935 2707 exelectione
958 2649 1070 2704 sunctco
1105 2637 1219 2722 crucis]
1250 2664 1285 2704 se
1312 2646 1333 2704 f.
1356 2644 1412 2706 Ex.
1434 2645 1474 2722 gl.
1497 2646 1592 2711 nonsk

354 2749 547 2826 Homiliebog
563 2749 593 2808 S.
614 2751 681 2820 174.
698 2750 852 2810 vincentii
869 2749 1096 2810 Bellovocensis
1116 2749 1205 2828 Spec.
1225 2749 1386 2810 historiale
1409 2750 1518 2822 XXIII,
1543 2752 1592 2810 12.

441 2856 491 2914 10.
535 2845 691 2929 Gelenius]
708 2850 727 2922 †
745 2855 816 2925 496,
841 2872 874 2912 so
897 2853 1088 2928 „Decretslis
1112 2855 1150 2916 de
1172 2855 1358 2931 recipiendis
1381 2860 1412 2912 ct
1433 2873 1494 2914 non
1516 2857 1592 2915 reci-

354 2961 476 3037 piendis
497 2959 595 3030 libris,
620 2961 672 3034 qui
695 2959 828 3034 scriptus
855 2963 903 3016 est
925 2977 943 3016 s
965 2959 1087 3018 Gelasio
1110 2978 1192 3035 popa
1215 2979 1283 3018 cnm
1303 2978 1367 3024 m
1390 2961 1464 3020 viris
1493 2958 1592 3020 erudi·

353 3066 482 3126 tissImis
516 3064 670 3147 episcopis
699 3065 731 3122 In
762 3062 836 3122 sede
866 3064 1039 3140 apostolico
1067 3064 1153 3124 urbis
1183 3065 1287 3126 Romae
1309 3060 1420 3138 (Thiol,
1443 3063 1593 3140 Epistolte

354 3169 559 3240 Romanorum
576 3166 755 3226 Pontificum
774 3169 912 3244 genuinae
933 3167 964 3224 S.
982 3161 1112 3242 toln),
1135 3169 1212 3228 hsor
1233 3169 1379 3246 fulgendo
1401 3167 1592 3244 spostoliske

354 3272 540 3350 Aposrppho
560 3290 696 3332 omenes:
729 3271 986 3330 Itinernrinm
1009 3275 1130 3337 nomine
1153 3273 1237 3332 Petri
1258 3273 1392 3348 apostoli
1414 3272 1592 3350 apocryphi,

355 3379 407 3453 qui
441 3377 616 3453 appellatur
639 3377 668 3434 S.
693 3373 906 3435 Clementis
952 3376 1023 3434 libri
1061 3396 1217 3435 nurnero
1250 3393 1281 3449 x,
1314 3377 1591 3452 apocryphum.

353 3483 472 3540 Actus
503 3481 655 3539 nomine
678 3480 839 3540 Andrem
865 3481 1048 3556 apostoli
1071 3481 1307 3558 opocryphi.
1353 3481 1448 3539 Actus
1472 3483 1591 3538 nomine

353 3585 474 3647 Thomae
497 3584 630 3664 apostoli
653 3586 828 3662 apocryphi.
886 3585 981 3660 Actus
1004 3587 1125 3647 nornine
1147 3585 1231 3644 Petri
1253 3585 1387 3662 apostoli
1409 3587 1487 3647 elius
1518 3605 1591 3662 spo·

355 3691 470 3766 cryphi.
515 3691 610 3748 Actus
632 3691 755 3748 nomine
776 3689 912 3766 Philippi
935 3691 1068 3766 apostoli
1092 3689 1268 3766 opooryphi.
1314 3689 1512 3762 Evangelium
1535 3707 1590 3746 no·

353 3796 433 3851 mino
456 3793 593 3852 Matthiae
616 3793 833 3870 apocryphum.
884 3793 1083 3872 Evangelium
1107 3795 1225 3852 nomino
1248 3792 1331 3851 Petri
1355 3793 1489 3870 apostoli
1514 3811 1590 3870 upo-

354 3897 512 3974 cryphum.
578 3896 776 3973 EvangeIIum
808 3898 916 3958 Jscobi
949 3900 1074 3958 mInoris
1107 3898 1325 3976 apocryphum.
1379 3897 1591 3974 'Evangelinm

353 4003 501 4062 Bernsbae
540 4001 755 4078 apocryphum.
820 4001 1041 4079 Evangelia
1083 4003 1237 4060 nornine
1280 4003 1437 4075 Thomae,
1480 4003 1590 4078 quibus

1628 979 1650 1026 u

1629 1499 1660 1547 10

1628 2017 1659 2064 lo

352 4106 665 4166 utunturnloniohaei
692 4107 878 4184 apocrypha.
927 4107 1180 4187 EvsngsIIum
1209 4108 1362 4167 nomine
1393 4106 1590 4169 BerthoIo-
1709 4117 1714 4126 '

353 4214 433 4272 maei
467 4212 599 4288 apostoli
632 4213 849 4288 apocryphum.
905 4211 1104 4290 Evangelium
1136 4214 1257 4273 nomino
1290 4212 1422 4272 Andreae
1456 4211 1590 4288 apostoli

354 4316 572 4393 apocryphum.
623 4315 790 4396 Evangelio
813 4335 879 4392 quae
903 4316 1024 4374 falsavit
1046 4315 1200 4378 Lucienus
1224 4316 1409 4394 apocrypho.
1452 4315 1590 4394 Evange-

352 4420 480 4497 lis'quae
503 4421 625 4480 falsavit
640 4421 810 4496 Hesychius
834 4421 1017 4496 apocrypho.
1062 4421 1176 4480 Liber
1199 4421 1244 4482 de
1264 4423 1441 4480 insontis
1463 4421 1589 4481 Salvo·

352 4528 454 4586 toris
488 4513 694 4603 apocryphus.
749 4523 864 4584 Liber
897 4523 942 4584 de
975 4527 1196 4606 notiritote
1223 4525 1445 4588 Solvotoris
1476 4529 1516 4584 et
1546 4525 1589 4586 de

326 4621 328 4626 ⁸
352 4615 478 4717 Meris
499 4631 548 4691 vel
570 4629 743 4705 obstetrice¹
760 4627 965 4716 apocryphus.
