3654 5336
380 319 441 384 130
609 315 708 376 ACTA
726 316 856 378 SANGTI
873 321 988 376 OLAVI
1005 323 1109 376 nnsis
1126 311 1174 374 ΕΤ
1191 316 1383 374 annuistis.

378 503 491 584 lastm,
514 501 595 570 nibil
616 503 795 586 tyrannidis
815 503 849 570 in
871 521 948 570 auos
968 504 1143 570 exercebat
1160 501 1328 581 subditos;
1348 501 1448 566 immo
1468 500 1618 568 omnibus
1677 511 1680 516 ·

379 607 527 692 exempla
548 608 718 690 praebebat
739 626 863 690 magnae
886 608 1079 674 humilitatis
1101 614 1136 674 et
1156 605 1428 674 mausuetudinis.
1471 605 1509 672 lu
1530 604 1618 672 iutu-

378 731 448 780 rum
481 714 579 780 etiem
613 713 797 796 provinciis,
832 715 949 796 quibus
972 717 1123 797 preerat,
1154 711 1341 796 prouidens,
1371 729 1413 778 ne
1442 710 1619 778 nobiliores

378 815 498 901 quique
527 823 561 883 et
592 817 796 901 potentiores
820 818 1081 900 perpotentiam
1104 816 1296 882 humiliores
1318 816 1549 898 opprimerent,
1571 815 1618 880 le·

376 939 435 1004 ges
470 922 594 990 divinas
628 928 662 988 et
689 922 847 988 humanas
873 923 978 988 multa
1005 922 1119 1006 menas
1142 921 1305 1006 sapientia
1327 925 1362 986 et
1382 920 1465 987 mira
1486 937 1618 1003 compo·
1670 926 1686 972 ὅ

376 1028 458 1094 sitas
481 1027 680 1094 discretione
701 1027 835 1109 scripsit
856 1033 891 1093 el
912 1027 1146 1111 promulgavit;
1176 1027 1208 1092 in
1239 1024 1358 1108 quibus
1385 1043 1483 1116 suum·
1502 1025 1619 1110 cuique

375 1132 555 1198 conditioni
573 1132 628 1214 jus
651 1132 839 1214 assignavit.
881 1131 919 1198 In
939 1132 1004 1223 illis
1026 1132 1134 1211 etiam,
1158 1137 1314 1215 quantum
1336 1130 1453 1199 liceret
1473 1129 1618 1213 prelatis

377 1237 409 1305 in
443 1235 607 1320 subjectos
642 1242 676 1302 et
711 1241 866 1318 quantam
899 1237 1037 1319 'subjecti
1068 1236 1283 1305 reverentiam
1317 1234 1511 1304 exhiberent
1542 1253 1619 1317 erga
1651 1247 1655 1256 '

376 1340 543 1423 prelatos,
566 1342 665 1408 certis
686 1341 845 1408 limitibus
868 1342 1032 1408 discrerit.
1083 1340 1133 1407 lbi
1155 1339 1418 1408 modestissimus
1440 1344 1475 1406 et
1496 1341 1617 1424 equis·

376 1445 477 1512 simus
507 1445 632 1514 arbiter
662 1447 829 1528 sapienter
861 1446 1082 1526 considerans,
1116 1446 1309 1530 plerumque
1331 1463 1426 1528 reges
1448 1449 1616 1528 potestate
1653 1457 1685 1504 1⁰

376 1549 437 1615 sibi
462 1567 618 1616 concessa
645 1549 788 1631 superbe
821 1550 913 1616 abuti
946 1551 979 1620 iu
1012 1551 1174 1630 subditos,
1207 1550 1316 1632 legum
1344 1550 1453 1632 rigore
1475 1551 1617 1632 regalem

376 1654 521 1721 coercuit
552 1661 588 1720 at
619 1651 797 1722 refrenavit
828 1655 1005 1722 licentiam.
1059 1657 1098 1722 lu
1127 1655 1192 1720 illis
1218 1654 1346 1744 legibus
1375 1655 1487 1734 claret,
1520 1671 1618 1736 quam

376 1759 514 1826 devotus
543 1777 622 1842 erge
645 1758 751 1842 deum,
775 1777 870 1842 quam
893 1759 1053 1844 benignus
1075 1778 1152 1842 erga
1173 1760 1353 1844 proximum
1377 1777 1434 1826 rex
1455 1759 1617 1841 gloriosus

376 1865 530 1934 extiterit.
1150 1871 1154 1880 ·

459 1995 516 2036 nn.
559 1968 722 2053 Explicari
749 1971 857 2036 verbis
891 1988 956 2036 non
988 1975 1110 2054 potest,
1142 1973 1264 2052 quanta
1296 1967 1456 2034 beneficia
1488 1969 1616 2051 populis
1653 1989 1684 2036 rs

375 2073 440 2140 illis
464 2093 520 2142 rer
542 2092 630 2158 saepe
647 2075 832 2140 nominatus
857 2074 1018 2154 contuito,
1040 2079 1196 2158 quantum
1220 2071 1352 2156 profuit,
1375 2073 1453 2142 dum
1474 2072 1616 2155 prefuit,

375 2184 409 2245 et
430 2179 463 2246 in
491 2179 752 2263 promulgatione
780 2179 889 2260 legum
913 2186 947 2246 et
968 2179 1001 2246 in
1020 2181 1259 2252 sustentatione
1278 2195 1457 2260 pauperum
1480 2183 1516 2244 et
1534 2177 1616 2244 assi-

376 2283 501 2350 duitate
522 2282 766 2367 predicationis
794 2288 830 2349 et
850 2283 998 2367 exemplo
1021 2293 1098 2370 ense,
1111 2283 1323 2370 saucdssime
1346 2281 1615 2350 conversationis.

374 2388 481 2458 Sede
509 2404 666 2456 converso
694 2405 872 2474 perpessus
895 2396 949 2455 est
968 2391 1009 2454 ab
1033 2389 1080 2456 eis
1102 2387 1329 2456 tribulationes
1350 2387 1469 2452 mullas
1493 2393 1527 2452 ot
1548 2405 1616 2454 ma·

373 2493 434 2574 las,
468 2493 571 2560 donec
604 2493 732 2558 illorum
765 2493 965 2560 multitudini
996 2493 1153 2561 resistere
1185 2511 1250 2560 non
1277 2493 1389 2558 velens
1417 2492 1557 2558 secessit
1582 2489 1615 2558 in
1651 2511 1684 2560 ao

369 2599 537 2678 Rosciam,
567 2603 782 2681 opportunum
811 2603 903 2664 ratus
926 2598 1046 2666 cadere
1068 2599 1218 2682 tempori,
1242 2598 1345 2664 donec
1365 2596 1526 2664 voluntati
1548 2613 1616 2662 sue

374 2721 413 2770 ae
439 2704 608 2786 proposito
635 2709 764 2786 tempus
787 2703 939 2770 idoneum
964 2704 1112 2790 domiuus
1135 2703 1283 2770 conferre
1307 2702 1505 2782 dignaretur.
1550 2701 1615 2769 Ne-

374 2808 452 2875 miui
485 2809 595 2877 ueniat
626 2808 659 2873 in
693 2813 834 2874 mentem
861 2808 1075 2876 fortissimum
1106 2813 1141 2874 et
1173 2806 1471 2874 constantissimum
1496 2805 1617 2872 Christi

374 2913 541 2992 athletam,
575 2918 611 2978 ut
641 2917 692 2978 ost
724 2911 921 2978 infirmitatis
945 2913 1104 2990 humane,
1128 2913 1271 2978 cessisse
1294 2910 1503 2994 perterritum
1526 2914 1617 2978 metu

374 3017 548 3099 passionis,
583 3017 638 3098 qni
671 3033 898 3100 sepenumero
932 3018 1074 3100 passioni
1102 3033 1140 3082 se
1171 3021 1291 3098 sponte
1323 3016 1498 3100 obiecerat,
1529 3015 1616 3080 sicut
1651 3040 1684 3088 ,ι

374 3123 420 3188 rei
443 3121 548 3188 exitus
580 3125 613 3188 et
641 3121 770 3186 illustre
800 3123 988 3203 martyrium
1018 3122 1120 3204 ipsius
1142 3121 1336 3198 declaravit;
1370 3119 1505 3188 utilitati
1533 3118 1616 3184 alio·

373 3243 453 3307 rum,
477 3226 701 3309 opportuniori
729 3244 765 3292 se
794 3227 974 3292 reservavit
1004 3228 1151 3310 tempori,
1180 3226 1310 3308 quando
1336 3224 1462 3290 ductus
1485 3223 1616 3290 uberio-

373 3347 425 3396 res
447 3330 600 3397 exhibere
623 3330 753 3398 domino
774 3335 808 3398 et
823 3331 982 3398 talentum
1004 3331 1067 3400 sibi
1090 3330 1297 3398 commissum
1321 3328 1492 3412 multiplici
1514 3329 1617 3410 resig-

373 3453 451 3501 nare
473 3440 586 3518 posset
608 3451 812 3502 cumusura.

456 3563 524 3609 arn.
570 3538 775 3609 Clarissimus
802 3539 902 3620 igitur
924 3538 1045 3606 Obristi
1069 3544 1191 3622 martyr
1213 3540 1380 3620 ingressus
1404 3537 1557 3604 Rosciam
1581 3540 1615 3604 et
1650 3545 1683 3592 ³0

373 3643 613 3710 aJarzellano¹
647 3643 795 3726 ejusdem
825 3643 999 3726 provincie
1022 3663 1100 3725 rege
1122 3642 1294 3727 magnifico
1318 3642 1462 3724 gloriose
1484 3661 1617 3724 suscep-

371 3754 425 3816 tus
452 3754 487 3815 et
508 3750 541 3814 in
567 3748 691 3817 honore
713 3747 927 3831 amplissimo,
957 3748 1114 3832 quamdiu
1135 3748 1181 3814 ibi
1204 3748 1324 3814 morari
1347 3746 1460 3826 voluit,
1482 3746 1615 3812 habitus

372 3860 431 3920 est
481 3854 531 3919 lbi
552 3870 618 3919 non
640 3869 739 3934 parvo
762 3857 911 3936 tempore
934 3853 1130 3932 demoratus,
1155 3853 1303 3918 honestae
1326 3853 1401 3917 vitae
1423 3850 1560 3918 formam
1582 3855 1617 3917 et

372 3977 439 4026 suae
461 3958 640 4038 religionis,
670 3958 827 4037 caritatis,
856 3957 1069 4039 benignitatis
1099 3961 1132 4022 et
1159 3957 1327 4038 patientiae
1350 3955 1479 4022 celebre
1503 3973 1616 4022 monu-

372 4066 516 4138 mentum
538 4060 654 4128 incolis
675 4061 815 4144 reliquit.
866 4063 1013 4144 Denique
1044 4061 1200 4126 decoctus
1222 4061 1296 4142 igne
1319 4059 1558 4144 persecutionis
1581 4063 1616 4126 et
1650 4063 1683 4110 δῦ

373 4167 469 4248 exilii,
510 4166 723 4248 acceptabilis
755 4167 905 4234 inventus
940 4170 974 4232 et
1007 4165 1154 4243 idoneus,
1193 4163 1249 4247 qni
1282 4165 1404 4247 majora
1438 4164 1616 4232 certamina
1692 4166 1698 4174 “

364 4277 486 4356 posset
505 4270 682 4352 sustinere,
715 4272 821 4338 divino
855 4271 1034 4353 inspiratur
1056 4269 1220 4338 instinctu
1241 4287 1300 4351 par
1321 4269 1447 4336 Sueoim
1469 4265 1551 4334 fines
1574 4266 1615 4334 ed

372 4376 505 4459 propria
525 4377 692 4443 remeauit.
735 4375 785 4440 Ibi
807 4372 943 4440 collata⁸
967 4373 1031 4440 sibi
1054 4393 1074 4440 a
1096 4374 1227 4442 domino
1250 4373 1487 4440 abundantiore
1509 4371 1616 4454 gratia

442 4526 536 4582 'liora
557 4505 683 4596 ogmar.
709 4531 847 4582 contulerit
863 4529 939 4583 ΔΕΒ.
974 4526 1085 4582 ’rettet
1120 4529 1262 4582 lancellano
1283 4527 1354 4580 ΔΒΕ.
1389 4529 1518 4580 lacellano
1536 4528 1613 4592 lnag.

371 4619 539 4671 Iereaellanur
558 4619 633 4671 Hom.
668 4617 819 4670 Gemellauo
838 4619 910 4668 Brer.
948 4614 1053 4682 'ILeg
1079 4617 1189 4668 collecto
1208 4614 1279 4668 ΑΒΘ.
