3640 5342
1403 317 1465 384 269

315 497 410 594 [Ant]
434 507 642 593 consepultus
661 508 784 574 cbristo
800 529 857 590 per
874 509 1059 590 baptismum
1076 511 1108 570 iu
1125 513 1263 584 mortem,
1279 509 1311 569 in
1329 511 1465 572 novitate

227 623 299 684 ritas
328 626 361 681 et
388 621 555 698 religionis,
586 639 673 696 qvam
704 621 894 696 susceperat,
922 616 1166 693 perfeetiasimus
1195 615 1376 676 observatur
1403 631 1465 674 am·

228 726 365 787 bnlabat.

315 821 409 906 [Ant]
453 829 588 890 Favebat
609 827 815 898 vehementer,
839 824 982 903 qvicqrid
1002 827 1086 884 vetat
1113 825 1162 884 lex
1185 824 1296 897 divina,
1321 823 1464 902 qvioqvid

179 937 194 982 ὅ
229 939 331 998 antem
352 936 512 1013 pracepit,
535 931 751 992 ardentissimo
774 930 1036 1008 complectebatur
1057 928 1177 989 affectu.

315 1031 438 1118 [Lectio
461 1029 530 1114 IV]
564 1028 627 1098 Sed
660 1027 899 1094 illustrissimus
932 1027 1065 1109 Martyr,
1088 1027 1142 1107 qvi
1168 1030 1259 1092 totns
1289 1042 1465 1108 suspensus

229 1137 262 1203 in
283 1135 440 1216 calestia,
459 1134 589 1218 jnstitia
610 1137 645 1198 et
665 1131 730 1198 lide
752 1135 955 1214 pugnaturus
979 1130 1124 1196 exercitu
1144 1130 1178 1196 in
1198 1130 1289 1195 brevi
1311 1132 1464 1211 qvantnm

227 1243 349 1324 potnit,
371 1241 577 1320 congregato,
599 1236 742 1302 obviavit
770 1235 917 1301 inimicis.
972 1234 1175 1302 Occnmbens
1207 1237 1317 1300 autem
1350 1239 1465 1316 qvamo

228 1343 391 1412 Kalendas
419 1341 566 1424 Augusti,
599 1339 680 1406 ieris
703 1345 826 1422 qvarta,
857 1339 900 1406 ll.
931 1345 965 1406 et
990 1339 1146 1422 vigesimo
1175 1343 1288 1406 octavo
1317 1355 1401 1404 enno
1424 1337 1464 1404 ab

163 1454 195 1501 ²⁰
228 1448 456 1516 incarnatione
483 1445 625 1526 Domini,
658 1444 800 1511 feliciter
826 1444 868 1510 ad
895 1443 1009 1510 aterni
1030 1443 1129 1526 Regis
1158 1442 1281 1526 palatia
1310 1442 1350 1510 dc
1376 1441 1464 1510 bollo

228 1552 380 1636 migravit
406 1550 449 1618 ad
478 1568 602 1634 pacem.
645 1548 750 1615 Nocto
778 1551 876 1631 igitur
903 1549 1111 1630 procedente
1140 1547 1236 1628 diem,
1269 1565 1332 1630 qva
1352 1546 1467 1612 Martir

227 1657 357 1724 inclitus
378 1673 493 1739 passus
515 1661 575 1734 est,
606 1653 757 1736 apperuit
776 1653 933 1718 Dominus
952 1651 1072 1719 'lhesus
1101 1650 1210 1718 verbis
1233 1649 1467 1717 consolationis

228 1759 424 1840 demulcens,
451 1759 590 1839 Accede,
622 1757 735 1840 inqvit,
769 1757 810 1823 ad
838 1775 900 1838 me,
928 1756 1047 1824 dilecte
1070 1757 1124 1836 mi,
1153 1761 1190 1821 nt
1211 1753 1350 1821 fructum
1370 1755 1465 1822 labo·

227 1883 298 1933 rum
321 1869 451 1932 tucrum
473 1862 625 1946 accipias,
654 1862 686 1927 ln
716 1861 915 1943 sempiterna
936 1861 1053 1928 latitia
1075 1859 1240 1927 consortio
1264 1862 1375 1926 nostro
1397 1859 1464 1926 iru-

163 1989 194 2037 rs
229 1988 297 2038 ens.
351 1969 421 2048 Qva
458 1967 583 2035 visione
621 1965 746 2049 Martyr
782 1964 957 2032 admodum
998 1963 1199 2032 confortatos
1236 1969 1271 2030 et
1306 1964 1467 2032 svavitate

228 2073 394 2154 ineflabili,
427 2091 520 2156 qvam
553 2075 748 2154 perceperat
779 2070 926 2150 satiatus,
959 2070 1106 2153 passioni
1139 2086 1176 2136 se
1208 2067 1304 2136 latus
1337 2067 1465 2149 obtulit,

225 2179 294 2262 J'am
321 2176 475 2244 divinitus
509 2176 630 2242 scalam
662 2192 851 2258 agnoscens,
875 2192 970 2256 qvam
991 2191 1095 2257 nuper
1115 2172 1244 2239 viderat
1265 2176 1408 2240 erectam
1432 2173 1464 2239 in

229 2281 374 2365 sompnis
396 2281 437 2348 cd
460 2280 568 2360 calos,
595 2297 656 2363 par
677 2298 770 2361 qvam
794 2279 835 2345 ad
858 2278 1061 2346 dnlcedinem
1083 2296 1178 2360 qvam
1200 2280 1396 2359 metaverat,
1419 2276 1464 2342 ie·

229 2385 337 2454 liciter
358 2387 431 2451 erat
452 2401 654 2450 escensurus.
698 2383 747 2448 Tn
768 2387 888 2450 autem.

162 2503 196 2553 ¹0
316 2492 425 2573 [Resp]
469 2497 575 2572 Itaqve
594 2495 846 2556 devotissime-
862 2493 1076 2556 disseminans.
1135 2568 1174 2578 -
1199 2543 1360 2605 mlii-²⁹

313 2587 423 2674 [Vera]
467 2597 560 2657 Ilissn
580 2596 661 2660 bone
686 2627 724 2640 ·-
748 2597 876 2676 posset?
1134 2581 1174 2592 —
1362 2589 1370 2604 ⁸

315 2694 437 2775 [neca
466 2693 507 2777 V]
541 2694 682 2762 Evolnto
711 2696 819 2779 itaqve
850 2694 1016 2778 passionis
1036 2695 1123 2763 illins
1145 2701 1303 2781 tempore,
1338 2715 1411 2764 cum
1431 2696 1464 2762 in

229 2799 326 2866 domo
357 2800 494 2881 qvedam
521 2799 761 2866 sanctissimum
791 2817 909 2883 corpus
937 2800 1008 2883 cjns
1036 2800 1162 2882 regales
1191 2800 1352 2868 lavissent
1373 2801 1468 2866 llini-

228 2902 298 2984 stri,
320 2903 468 2986 projecta
497 2908 549 2969 ert
574 2907 650 2969 ante
679 2904 796 2970 ostium
820 2922 903 2987 aqva
925 2906 1025 2972 mixta
1047 2905 1209 2987 sangvine,
1233 2907 1286 2989 qvi
1309 2905 1351 2972 de
1373 2904 1469 2971 Beati

163 3023 196 3071 as
230 3007 383 3092 Martyris
417 3006 606 3073 vulneribus
639 3005 828 3075 defluxerat
880 3007 994 3075 Gaecus
1025 3009 1125 3090 igitur
1157 3011 1285 3094 qvidam
1313 3015 1389 3077 ante
1412 3009 1468 3074 do-

229 3131 317 3179 mum
339 3113 476 3180 eandem
510 3113 683 3194 transiens,
715 3111 890 3196 prolapsus
918 3118 971 3179 est
998 3112 1159 3180 inlocum
1185 3115 1238 3198 qvi
1259 3115 1365 3181 adbuc
1386 3131 1468 3195 aqva

230 3221 266 3284 st
296 3216 452 3297 sangvine
487 3215 608 3285 iniecta
640 3217 793 3284 manebat
826 3235 961 3300 oumqve
989 3217 1109 3300 digitos
1131 3217 1331 3287 madefactos
1353 3217 1469 3285 eadem

231 3336 314 3401 aqva
342 3321 382 3385 ad
412 3338 490 3389 snos
520 3322 632 3389 ocnlos
653 3320 787 3402 levaret,
810 3323 897 3389 illico
919 3324 1046 3390 intmsc
1072 3323 1209 3405 caligine
1230 3323 1339 3390 lumen
1359 3323 1469 3406 pristi-

231 3440 308 3490 num
329 3425 462 3506 recepit.
507 3424 685 3508 Obstupuit
704 3425 803 3509 igitur
824 3427 1046 3508 vehementer,
1068 3429 1101 3494 iu
1123 3445 1185 3511 qvo
1209 3427 1352 3494 divinum
1373 3424 1469 3493 lieret

27 3599 31 3606 ,
164 3557 198 3604 20
232 3527 423 3594 miraculum
445 3533 479 3594 et
506 3529 597 3610 cuius
620 3536 772 3610 sangvine
794 3549 947 3614 respersa
969 3531 1089 3599 iniisset
1109 3550 1194 3615 aqva
1216 3531 1335 3599 certius
1358 3530 1468 3614 explo-

231 3649 316 3712 rans,
339 3649 375 3698 se
395 3649 456 3714 per
476 3633 593 3698 merita
614 3632 708 3698 Beati
721 3634 811 3700 Olavi
823 3635 974 3718 Martyris
986 3637 1090 3704 visum
1107 3637 1272 3720 recepisse
1287 3635 1469 3702 certissime

231 3736 392 3820 cognovit.
437 3735 546 3803 Mirati
579 3739 657 3802 sunt
685 3753 798 3805 omnes
832 3741 885 3820 qvi
912 3741 1085 3808 andierunt
1112 3742 1292 3808 novitatem
1323 3737 1469 3807 miraculi

231 3840 337 3923 dignis
367 3839 512 3908 extnltre
538 3840 713 3922 preconiis,
745 3843 799 3923 qvi
827 3842 1002 3927 Martyrcm
1027 3863 1120 3913 snum
1143 3846 1213 3930 jann
1234 3845 1353 3926 insigni
1375 3843 1469 3910 ciari-

231 3943 329 4012 ficare
351 3945 508 4012 miraculo
530 3945 732 4027 dignabatur.

165 4074 198 4122 to
320 4049 438 4134 [Reap.].
482 4057 685 4120 Confluebant
709 4085 741 4096 -
768 4077 803 4118 or
826 4077 923 4120 snum.

316 4153 431 4238 [Vaut
475 4161 602 4224 Goninsi
625 4191 665 4202 -
687 4163 718 4222 in
742 4162 818 4223 dies.

316 4257 441 4342 [Lectio
470 4259 534 4346 VI]
558 4260 639 4325 Erat
659 4260 690 4325 in
709 4259 868 4327 Hibernia
879 4261 950 4326 Dux
970 4261 1098 4344 qvidam
1118 4265 1320 4332 Guthcrmns
1338 4265 1468 4331 nomine

988 4133 1026 4159 τι
1051 4109 1188 4174 2358-2.

232 4361 365 4430 natione
393 4364 533 4432 Noricus
563 4364 688 4430 scilicet
715 4363 803 4432 beati
826 4365 978 4448 Martyris
1008 4366 1101 4434 Olavi
1128 4369 1248 4452 Nepos,
1276 4372 1470 4452 virgenere

232 4466 409 4551 preclarus
441 4472 476 4534 et
497 4468 596 4534 armis
627 4471 754 4550 potens.
799 4469 861 4536 llic
895 4488 968 4537 cum
1000 4472 1091 4552 Rege
1114 4471 1283 4542 Olibinniae
1311 4475 1468 4557 Margodo

163 4594 199 4640 ro
232 4569 410 4640 luderatns
432 4577 466 4640 et
487 4573 624 4655 qvadam
645 4570 796 4639 familiari
818 4574 978 4643 societate
1008 4575 1198 4658 conjunctus
1221 4582 1293 4646 erat
1325 4577 1471 4660 Contigit
