3640 5342
370 345 432 409 238

454 529 510 593 Acl
540 529 635 595 boras
664 533 829 598 diurnales
861 533 1034 617 aulipbouo
1073 536 1110 602 do
1151 536 1299 604 laudibus
1339 538 1478 621 capitula
1515 539 1611 604 ouius

369 635 522 715 martyris
544 656 609 699 uou
630 639 799 718 pontificis.

454 821 510 884 Ao
528 822 687 886 secuudas
708 843 856 904 vesperos
878 827 1053 907 aulipboue
1075 829 1115 892 elo
1135 828 1303 896 laudibus:

567 957 698 1037 psalmi.
786 959 876 1025 Dixit
898 961 1054 1026 dominus.

788 1049 985 1132 Confitebor.

787 1169 910 1236 Beatus
934 1171 990 1237 vir.

787 1275 933 1342 Laudato
956 1277 1048 1360 pueri
1072 1277 1246 1345 domiuum.

787 1381 933 1450 Laudato
956 1383 1119 1450 dominum
1144 1403 1257 1450 omnes
1272 1391 1405 1464 ‘gentes
1473 1403 1476 1411 ·

456 1563 649 1646 Capitulum.
695 1551 817 1634 Beatus
839 1568 888 1634 vir
911 1569 965 1652 qui
989 1569 1111 1636 suffert.
1156 1589 1204 1636 aa.
1226 1592 1255 1634 o.

452 1678 536 1754 Ilo-sp.
580 1680 644 1738 Rex
665 1681 798 1740 inolitus.
846 1677 898 1753 [=
922 1703 952 1758 p.
975 1673 1088 1758 236⁸³].

451 1775 597 1858 butanus.
643 1778 712 1842 Rex
735 1779 850 1845 olouus
873 1780 1046 1861 gloriosus.
1089 1783 1188 1862 [πρ
1219 1781 1320 1859 23οἾ.

452 1905 522 1947 uero·
565 1889 670 1949 Gloria
692 1897 725 1949 et
746 1892 871 1950 honoro.
1181 1954 1187 1970 ,

452 2005 509 2052 aut.
553 1995 650 2054 Hodie
680 1999 839 2074 preaiosus
868 2003 982 2072 martyr
1009 1997 1116 2056 olenus
1146 1999 1185 2057 ab
1213 1999 1345 2060 inimiais
1369 2001 1506 2060 venulis
1530 2003 1609 2062 oani-

368 2075 435 2158 sus:
471 2118 528 2174 pro
562 2101 686 2158 iusticia
715 2102 752 2160 de
783 2104 892 2160 castris
919 2104 1018 2161 victor
1047 2103 1085 2160 ud
1116 2103 1214 2160 aulum
1238 2106 1319 2178 rogis
1344 2107 1441 2164 eterni
1465 2106 1503 2163 de
1526 2107 1608 2164 bullo

366 2205 510 2279 migrauit
532 2205 571 2264 od
594 2225 715 2281 paoem:
741 2225 800 2283 que
824 2212 975 2282 exuperat
997 2227 1115 2266 omnum
1139 2227 1270 2266 sensum.
1646 2227 1679 2272 15

315 2359 319 2367 .
447 2302 613 2394 probinus..
650 2303 845 2384 Magnificat.

339 2403 343 2412 '
455 2407 564 2472 Oratio
584 2413 620 2472 ut
641 2428 752 2488 supro.
798 2408 851 2492 [=
870 2428 906 2491 p.
928 2409 1046 2492 231⁸}

452 2513 659 2596 Synodalitor
679 2517 833 2578 statutum
856 2518 902 2578 osi
923 2515 1009 2594 quod
1029 2516 1065 2578 ia
1088 2515 1248 2580 domnina
1269 2515 1356 2594 iufra
1379 2521 1507 2582 ootauas
1527 2520 1610 2584 boati

366 2617 454 2683 olaui
482 2620 518 2683 iu
550 2639 613 2710 qua
644 2639 729 2683 uoua
761 2618 902 2702 hystoria
924 2619 1046 2684 debarai
1071 2619 1216 2686 inoboari
1237 2619 1359 2684 scilieet
1385 2623 1420 2686 ln
1447 2625 1606 2706 principio

366 2723 455 2788 beato
490 2724 584 2788 olauo
615 2723 749 2805 ubuum
781 2725 925 2804 albolum
953 2745 1022 2788 oum
1050 2726 1091 2790 ia.
1123 2724 1309 2788 lectionibus
1338 2727 1519 2804 tribuatur:
1549 2729 1607 2792 sed
1642 2741 1678 2786 20

365 2827 499 2894 bistonio
525 2829 674 2910 praeliata
703 2830 881 2909 imponitur
910 2830 945 2892 ia
972 2829 1088 2910 uiailio
1118 2829 1206 2894 olaui
1229 2850 1298 2893 oum
1319 2831 1450 2896 boaailia
1472 2833 1608 2897 domiai-

367 2933 438 2999 oali.
486 2933 583 2997 Festo
606 2935 688 2998 beati
708 2935 794 3014 patri
815 2937 964 3016 arrepto:
994 2936 1100 2998 omnia
1128 2940 1161 2998 ot
1187 2937 1223 2998 iu
1244 2936 1296 2998 dio
1317 2941 1427 3000 sanato
1445 2957 1606 3018 peragrau-

366 3043 420 3102 iur
441 3057 511 3103 oum
533 3039 718 3104 lectionibus
740 3044 768 3102 ol
788 3039 972 3119 autipbouis
994 3040 1029 3102 iu
1051 3040 1181 3104 notatis.

736 3232 881 3300 Secunda
906 3232 956 3300 die
982 3232 1026 3300 ad
1049 3232 1232 3301 romuliam.

259 3417 265 3428 ·
334 3471 338 3482 .
452 3401 663 3460 Iauuitalorium.
709 3402 838 3478 Magnus
863 3401 1011 3460 dominus.
1059 3393 1112 3477 [=
1136 3419 1166 3477 p.
1192 3375 1303 3477 23l²²].

454 3497 611 3582 Hymnus,
657 3500 745 3564 Deus
769 3504 897 3563 tuorum
921 3499 1070 3564 militum.
1115 3517 1162 3563 aa.
1186 3521 1214 3564 u.

448 3632 516 3670 aare.
562 3611 667 3670 Gloria
690 3619 721 3670 ot
740 3612 865 3670 honore.

451 3709 691 3788 Lectioprirua.
737 3709 846 3775 OPere
869 3709 1014 3792 precium
1040 3714 1092 3773 est
1114 3709 1154 3775 de
1184 3708 1292 3773 multis
1326 3709 1508 3775 miraculis:
1543 3728 1606 3792 que
1713 3753 1716 3758 -

366 3803 406 3879 a'd
430 3813 684 3880 commendanda
715 3815 830 3881 merita
856 3813 988 3904 gloriosi
1018 3816 1165 3896 martyris
1196 3814 1282 3890 nisui
1306 3814 1455 3879 dominus
1478 3817 1605 3896 operari

366 3919 519 3999 dignutus
544 3924 595 3982 est
616 3937 720 4000 pauca
740 3919 980 4000 perstringere:
1015 3920 1168 4002 quatinus
1202 3920 1234 3983 in
1264 3919 1410 3984 leudem:
1445 3925 1479 3984 et
1512 3939 1605 3985 roue-
1642 3923 1675 3968 ³⁰

364 4025 503 4088 rentium
528 4023 636 4088 diuino
660 4024 793 4106 pietatis
816 4023 1016 4089 audientium
1041 4025 1221 4089 excitentur
1244 4023 1356 4089 animi:
1393 4029 1426 4088 ut
1452 4031 1605 4106 quantum

366 4129 503 4209 gratiam
537 4133 571 4194 et
604 4129 739 4210 gloriam
775 4129 923 4195 dominus
951 4135 1064 4194 sancto
1094 4145 1154 4192 suo
1185 4129 1314 4194 dederit
1342 4129 1492 4194 fidelibus
1514 4129 1605 4208 inno·

365 4239 481 4299 tescat.
527 4234 606 4298 Erat
628 4235 660 4298 in
683 4235 842 4316 hybernia
866 4235 928 4298 dux
951 4233 1080 4316 quidam
1104 4235 1287 4314 guttornius
1317 4234 1444 4300 nomine
1472 4237 1605 4300 natione

364 4341 494 4404 noricus
526 4355 628 4421 nepos
659 4341 747 4404 boeti
777 4342 925 4421 martyris
952 4341 1001 4404 vir
1029 4357 1146 4420 genere
1176 4339 1344 4422 preclarus
1368 4346 1402 4405 et
1429 4339 1526 4404 ermis
1548 4357 1607 4421 po-

365 4449 446 4510 tens.
490 4443 552 4509 Hic
579 4465 649 4510 num
679 4464 755 4527 rege
784 4445 938 4525 margodo
968 4443 1135 4509 feneratus
1161 4449 1195 4509 et
1215 4443 1355 4526 quadam
1380 4443 1529 4510 familiari
1552 4461 1604 4508 sa·
1641 4453 1675 4496 ³⁵

365 4549 484 4616 cietute
508 4551 694 4616 coniuratus
716 4556 795 4616 erut.

449 4663 531 4741 Resp.
576 4665 609 4722 In
633 4663 739 4738 regali.
759 4659 796 4719 vt
818 4655 887 4719 heri
913 4658 965 4734 [==
989 4683 1020 4739 p.
1043 4653 1175 4752 233¹⁰].
