3654 5336
433 349 530 417 lota
548 354 680 414 annom
697 349 811 415 onam
830 357 934 414 anons
950 359 997 414 rr
1013 349 1207 414 uaerrals.
1385 347 1443 424 ils

200 540 255 604 tos
276 541 311 605 et
331 537 421 620 pallii
444 539 582 610 cauom
602 541 737 622 bonore,
760 531 847 610 inter
865 539 996 608 crebras
1015 539 1208 624 populorum
1231 539 1444 608 confluentiae
1559 597 1563 604 .

201 641 320 710 adsum
340 641 473 724 quidam
494 651 562 712 tres
586 645 711 714 debiles
735 665 774 712 ox
796 647 973 728 longinquo
996 645 1087 712 naria
1108 662 1282 728 corporum
1310 647 1441 728 aegritu·

201 746 276 812 dina
293 746 493 818 laborantes.
538 748 601 829 Qui
618 751 742 832 pariter
759 750 802 816 ad
818 749 990 818 ecclesiam
1002 748 1090 816 beati
1104 751 1253 832 martyris
1275 749 1443 818 venientes

200 849 304 934 ipsios
326 852 462 920 obtentu
485 854 666 937 sperabant
685 873 721 920 sc
745 873 784 920 ea
806 855 859 920 dio
882 855 1019 936 gratiam
1043 855 1212 937 sospitatis
1235 855 1442 936 potissimum

137 962 166 1028 ,ὃ
200 957 386 1040 impetrare,
409 975 473 1040 que
495 959 580 1026 idem
604 965 728 1044 martyr
748 959 854 1026 carnis
873 959 949 1042 jura
970 975 1029 1040 pro
1053 956 1182 1024 cbristo
1210 959 1340 1024 solvens
1364 977 1442 1040 gau·

201 1062 289 1126 mum
310 1063 460 1144 suscepit
481 1065 680 1132 amrbarum
701 1081 955 1148 permansurum.
1009 1062 1087 1128 Erat
1115 1080 1256 1145 namque
1278 1063 1364 1130 inter
1383 1081 1441 1130 eos

201 1165 333 1248 poium
356 1183 472 1246 cacos,
495 1169 549 1250 qui
572 1169 604 1235 io
629 1169 700 1252 ipsa
721 1169 872 1254 martyris
894 1167 1006 1248 rigillo
1028 1167 1162 1234 visionis
1184 1167 1301 1234 latina
1323 1170 1443 1234 meruit

201 1271 375 1340 consolari.
420 1271 481 1338 Die
503 1289 579 1338 roro
602 1273 753 1355 aequanti
776 1291 849 1338 com
877 1272 1098 1356 processionis
1125 1270 1230 1338 officia
1253 1273 1443 1343 solemniter

200 1381 375 1460 ageremur
397 1381 432 1444 et
459 1377 491 1442 in
515 1377 682 1444 cimeterio
708 1376 862 1442 teretrum
886 1394 975 1444 more
997 1377 1094 1443 solito
1118 1376 1348 1460 deponeretur,
1371 1397 1440 1445 mu-

133 1501 166 1547 ro
200 1486 254 1548 tus
276 1481 406 1564 qmdam
429 1481 602 1548 locutionis
623 1483 763 1564 gratiam
780 1483 906 1563 recepit
927 1481 975 1566 [et
994 1482 1049 1548 diu
1066 1481 1207 1547 delente
1229 1480 1347 1564 linguae
1370 1479 1441 1549 olfi-

201 1588 300 1653 cinm¹
334 1586 368 1650 in
397 1585 526 1652 laudem
544 1586 727 1652 'salvatoris
750 1587 895 1668 gaudens
916 1587 1046 1654 laxavit
1090 1585 1209 1653 Mulier
1231 1586 1328 1650 otiam
1352 1604 1440 1671 qure-
1493 1619 1500 1632 ·

201 1690 274 1756 dam
297 1708 317 1755 a
339 1689 517 1758 Suanorum
540 1690 659 1758 linibus
680 1691 777 1773 longe
798 1691 947 1774 prolecta
968 1691 1010 1756 ad
1032 1687 1144 1756 limina
1166 1691 1269 1757 sancti
1287 1692 1438 1774 martyris

199 1795 382 1862 orationum
417 1813 515 1862 cansa
550 1795 695 1862 decrerit
728 1794 899 1878 proficisci,
928 1812 1001 1877 quae
1038 1794 1117 1860 licet
1154 1795 1186 1860 in
1223 1794 1339 1860 itinera
1372 1800 1439 1862 tam

200 1897 313 1966 eausa'
345 1901 502 1966 cecitatis
535 1918 631 1992 quarn
663 1899 785 1967 laboris
813 1897 916 1965 molta
944 1905 1113 1982 pateretur
1134 1899 1347 1980 incommoda,
1375 1899 1440 1967 lida

135 2021 167 2066 no
200 2009 311 2070 mmao
334 2002 467 2070 robusta
490 2010 525 2070 at
546 2023 606 2088 spe
628 2005 813 2074 confortata
834 2007 897 2072 iter
919 2005 1094 2088 complevit
1115 2021 1315 2086 aggresm.
1359 2006 1439 2085 Quae

198 2125 272 2175 oum
293 2106 413 2174 natalis
435 2108 522 2174 illios
544 2109 795 2191 die·gloriosam
825 2110 1050 2191 ingrederetur
1076 2109 1245 2176 basilicam
1272 2115 1307 2174 et
1328 2125 1438 2175 sacro·

197 2221 312 2279 nancta
344 2213 514 2280 missarum
543 2214 788 2280 celebrarentur
820 2213 937 2294 officia,
970 2215 1103 2283 visionis
1135 2219 1258 2296 optate
1280 2213 1438 2294 lotitiam,

200 2335 296 2400 quara
318 2317 360 2382 ab
382 2319 475 2384 onnia
493 2319 560 2400 jam
579 2317 736 2386 badenim
758 2319 923 2396 amiserat,
947 2317 1066 2386 meruit
1086 2319 1243 2401 recipere.

151 2459 156 2470 ·
283 2449 349 2490 m.
394 2421 553 2504 Varlngua
584 2423 713 2514 qnidam
736 2424 770 2488 in
792 2423 914 2488 Roscia
934 2441 1062 2489 servom
1086 2429 1212 2492 emerat
1234 2423 1330 2489 bone
1353 2423 1447 2488 indo-

134 2554 168 2600 ιο
201 2526 243 2592 lis
260 2527 423 2610 juvenem,
448 2527 508 2594 sed
531 2533 670 2609 mutum3
693 2529 748 2610 qui
771 2547 843 2594 cum
868 2527 946 2593 nihil
969 2528 1010 2593 de
1032 2527 1141 2610 seipso
1161 2525 1309 2610 profiteri
1321 2531 1445 2610 posset,

199 2632 292 2714 cnjus
315 2634 421 2714 gentis
446 2638 543 2711 esset,
567 2632 786 2713 ignorabatur.
832 2636 893 2700 nro
921 2638 1041 2710 tamen,
1074 2650 1139 2713 qna
1162 2639 1234 2698 erat
1256 2631 1444 2711 instructus,

199 2737 455 2820 interVariogos
477 2754 550 2802 enm
574 2745 802 2804 conversatum
825 2736 925 2804 fnisse
947 2737 1118 2819 prodebat
1151 2755 1222 2802 nam
1252 2754 1351 2816 arma,
1375 2735 1446 2818 qui·

199 2843 261 2908 bos
283 2840 329 2907 illi
351 2846 498 2922 utuntur,
523 2841 683 2908 fabricare
695 2847 840 2909 noverat.
884 2841 946 2908 Hic
965 2859 1036 2908 cum
1056 2841 1180 2906 tamdiu
1201 2859 1240 2906 ex
1258 2840 1445 2907 venditione

201 2945 378 3012 dominica⁸
397 2946 525 3012 diversa
542 2947 728 3029 probasset
754 2946 794 3011 ad
812 2951 1026 3012 mercatorem
1051 2945 1211 3027 quendam
1235 2945 1446 3026 postmodum

134 3072 167 3120 ao
202 3051 341 3132 devenit
366 3051 420 3134 qui
444 3051 473 3118 ei
496 3052 630 3134 pietatis
652 3051 773 3117 intuito
791 3051 905 3132 jugum
926 3049 1049 3116 laxavit
1070 3049 1197 3114 servile.
1248 3049 1310 3115 Hic
1333 3053 1446 3130 optata

200 3155 355 3223 libertate
379 3157 503 3238 potitus
533 3157 566 3222 in
590 3155 754 3222 civitatem
785 3154 925 3234 devenit,
949 3171 1021 3235 que
1044 3151 1280 3234 Holmegarder
1302 3152 1446 3235 appelle·

226 3389 231 3400 Ι
271 3328 373 3382 'Brea
400 3331 506 3396 elonque
528 3333 630 3382 detenta
653 3333 743 3396 lingua
764 3332 850 3382 olllcia
871 3325 943 3380 ΔΕΒ.
995 3325 1097 3380 'llram
1128 3329 1187 3394 mgl.
1205 3329 1277 3381 AS&
1335 3325 1446 3380 'motet

203 3421 315 3470 dominio
333 3419 407 3469 Brer.

204 3595 242 3634 an
274 3577 375 3636 eudon
404 3577 548 3654 tidligere
578 3577 784 3654 Baginenhod,
817 3596 846 3636 v.
875 3571 941 3652 26).
985 3575 1132 3636 Miralrlat
1154 3575 1224 3635 med
1247 3576 1306 3636 den
1339 3573 1444 3634 blinda

202 3681 323 3741 Krinda
354 3681 452 3740 findas
479 3685 490 3740 i
517 3683 686 3743 Brevioriet
716 3687 749 3742 to
772 3682 886 3760 Gange,
916 3681 976 3742 dan
1008 3680 1105 3740 ridete
1129 3680 1217 3756 (lang
1236 3681 1351 3756 origtig
1371 3679 1445 3740 ban·

202 3785 267 3852 lom
287 3785 324 3846 til
347 3785 527 3847 Stikloated.

287 3882 372 3968 XIX]
403 3890 475 3968 Lag.
507 3891 587 3970 Saga
616 3912 642 3950 o.
676 3893 735 3951 124
761 3887 895 3963 (Lacone
917 3892 928 3948 i
951 3885 1062 3962 Hom),
1095 3894 1128 3949 to
1157 3888 1392 3948 Haaodalrriiter
1414 3889 1447 3947 al

203 3995 263 4055 den
278 3999 379 4062 stares
392 3995 560 4074 Olarssaga
577 3991 624 4068 (Δ.
637 3996 678 4056 Μ.
693 3999 763 4068 325,
783 3999 799 4056 5
814 4015 863 4073 qr.
875 4013 915 4071 og
925 3993 1177 4067 Thomasakinna,
1199 3993 1301 4070 trylrta
1324 3995 1334 4052 i
1356 3993 1442 4052 Foro.

204 4099 234 4159 S.
257 4101 292 4173 V,
316 4093 401 4175 221),
423 4101 496 4160 ikke
518 4100 574 4161 hoa
598 4101 712 4161 Snorre
734 4101 810 4160 aller
830 4101 842 4158 i
864 4097 1066 4175 Flatbbogeo.

287 4208 337 4264 21.
383 4224 432 4264 ars
458 4197 744 4282 tomen-novarat]
772 4205 930 4282 gjeugiraa
957 4207 968 4263 i
995 4203 1055 4280 leg.
1077 4203 1170 4282 Saga:
1205 4202 1276 4279 beor
1299 4205 1372 4279 gato
1404 4199 1443 4276 bo

203 4327 323 4385 margar
356 4329 455 4383 menn,
491 4315 523 4368 at
554 4309 635 4368 hano
669 4310 785 4370 minndi
820 4328 972 4369 uorrren
1006 4327 1087 4380 vera,
1120 4307 1187 4366 firir
1219 4307 1270 4382 bui
1299 4311 1331 4365 at
1361 4305 1443 4364 baon

203 4413 292 4490 gordo
315 4412 393 4489 rabo
416 4413 476 4491 bau
496 4416 617 4473 lamnam
640 4433 680 4490 og
701 4415 762 4487 bio,
792 4434 826 4473 ar
855 4414 1071 4488 Veriogisr
1100 4414 1186 4471 ainir
1213 4415 1295 4487 nyta.
1351 4408 1444 4469 Orar-

204 4522 348 4578 rattaran
371 4517 427 4577 bar
448 4519 547 4578 altaaa
567 4518 718 4588 lorudaat,
748 4525 780 4578 at
808 4519 1024 4595 Veringiar
1058 4538 1093 4577 ar
1122 4517 1175 4576 dat
1197 4513 1335 4574 ruaaislre
1357 4513 1444 4574 Narra

202 4641 262 4699 paa
283 4621 469 4682 Nordmaend
491 4619 571 4695 (aral.
596 4619 839 4701 Tbidrikaaaga).
