3640 5342
252 541 408 630 psalmus.
451 543 610 616 Dominus
632 547 791 632 regnauit.

256 671 313 721 aul.
356 661 391 722 In
414 663 542 722 sunnine

256 775 312 826 utu.
355 766 410 826 Vir
429 769 525 827 turris

255 881 311 930 aul.
355 872 498 932 Matrona

254 985 311 1035 nul.
355 975 488 1054 (larpbdi

259 1069 452 1154 Capitulum.
497 1074 531 1141 si
555 1094 663 1143 coram
686 1075 883 1144 hominibus.

629 851 669 875 =
689 841 721 904 p.
747 829 902 891 maa-a.

278 1237 436 1324 Hymmm.
522 1243 685 1309 Deuotum
709 1242 772 1310 fide
794 1245 950 1326 populum
978 1315 981 1323 ,

526 1347 678 1413 educauit
699 1347 866 1415 hibernia:

526 1450 580 1533 qui
604 1451 781 1519 saliensam
800 1452 968 1536 scopulum

524 1555 611 1639 petit
630 1572 691 1638 pro
715 1557 810 1623 domo
833 1559 934 1638 negiu.

527 1722 647 1788 Valens
670 1723 758 1790 subit
780 1723 885 1805 exilia,

525 1825 676 1894 intrando
700 1827 923 1895 solitudinem:

525 1935 560 1996 vt
581 1931 625 1996 sit
646 1931 740 1998 nobis
762 1931 815 1997 lux
837 1935 960 2015 preuia,

526 2035 583 2101 dat
605 2040 749 2102 eternam
773 2037 985 2104 dnlcedinem.

525 2203 588 2270 Per
609 2205 670 2269 hos
693 2204 778 2272 fame
800 2206 928 2289 vigilijs

525 2307 661 2374 libertas
683 2310 790 2376 carnis
812 2310 947 2376 teritur:

527 2416 560 2476 et
581 2412 705 2480 sedulis
729 2415 880 2497 suspiriis

526 2534 618 2581 mans
640 2518 674 2582 in
696 2535 841 2600 superna
861 2518 996 2600 rapitur.

528 2681 598 2748 Hos
620 2684 661 2750 da
684 2687 811 2768 tyranni
833 2686 993 2766 manibus,

528 2789 622 2852 ruina
642 2791 762 2856 montis
786 2791 898 2872 eripit:

530 2896 563 2956 et
585 2891 725 2957 iubilans
747 2893 780 2960 iu
803 2893 965 2975 laudibus,

528 2994 660 3061 celestis
683 2997 757 3061 aula
779 2999 926 3080 suscipit.

528 3164 626 3230 Trino
649 3164 712 3229 dan
736 3171 770 3231 et
792 3166 934 3249 simplici

527 3268 598 3334 lans
620 3269 727 3334 bonor
747 3269 852 3334 virtus
875 3269 990 3352 gloria,

527 3374 583 3456 qui
605 3375 755 3456 martyris
777 3372 947 3456 multiplici

528 3477 689 3558 glorificat
709 3479 855 3544 victoria.
898 3479 1012 3542 Amen.

260 3649 411 3709 varientur.
455 3650 645 3710 Exullabnnt
667 3655 774 3713 sanati.

260 3765 316 3813 uni.
360 3754 457 3813 Ponte
479 3776 519 3800 =
541 3766 571 3829 p.
598 3753 770 3814 15223-26,

258 3851 416 3933 psalmus
460 3851 667 3916 Benedictus.

391 4021 447 4068 ant.
534 4007 580 4068 Ex
601 4007 746 4084 hybernis
770 4028 905 4085 superna
925 4011 1049 4071 bonitas

534 4118 656 4174 sanatos
679 4115 762 4172 misit
784 4133 841 4190 par
861 4118 953 4174 maria
977 4117 1101 4174 semitas

530 4218 610 4280 vnde
632 4217 723 4277 nobis
745 4217 817 4278 fidoi
839 4219 953 4276 vanitas

533 4326 661 4383 crescit:
686 4326 787 4382 cessat
809 4324 923 4383 auroris
947 4322 1070 4381 sanitas.

262 4463 417 4548 psalmus.
460 4465 656 4548 Magnificat.

698 4669 899 4681 fi-—mae
