3622 5344
1368 321 1429 386 253

189 503 339 574 omuibus
369 501 569 588 predicabat.
618 501 799 569 Nonnullos
828 502 927 568 etiam
961 501 1194 585 predicationis
1224 505 1338 585 gratia.
1369 525 1432 588 que

190 611 389 680 diliusaerat
411 612 443 676 in
464 609 559 693 labijs
583 610 666 676 eius.
687 629 707 674 a
729 607 912 690 nephandis
931 607 1103 674 demonum
1123 607 1263 674 cultibus
1286 610 1327 675 cd
1345 611 1432 692 agni-

189 720 310 786 tionem
334 722 370 784 et
390 715 608 782 reuerentiam
638 716 687 782 sui
715 713 873 780 creatoris
903 712 1041 780 reduxit.
1086 712 1246 779 Plurimos
1270 715 1368 781 etium
1393 716 1433 780 ad

190 827 414 905 contemptum
433 820 536 886 seculi
548 823 583 887 et
595 837 738 886 amorem
752 837 892 902 superne
914 817 1031 901 patrie.
1045 817 1202 885 mirabilis
1215 820 1285 886 eius
1299 821 1432 886 deuotio

140 941 155 988 ὁ
189 928 380 998 medullitus
402 925 625 994 inflammauit.

275 1041 359 1118 Resp-
403 1041 511 1118 Itaque
535 1045 592 1100 etc.
813 1085 977 1149 23425-29

275 1169 344 1208 wa.
387 1147 458 1206 Iesu
479 1146 560 1206 bone
584 1150 641 1206 alc.
695 1111 734 1137 Ε
757 1110 788 1168 p'
982 1133 989 1148 ⁸

276 1244 385 1311 Lectio
413 1265 442 1310 v.
494 1243 593 1310 (luins
624 1244 709 1310 enim
740 1245 994 1316 obstinationem
1023 1253 1081 1316 aut
1108 1247 1263 1315 duriciam
1297 1243 1433 1328 insignis

191 1351 278 1434 regis
301 1367 409 1418 sermo
432 1350 545 1417 dulcis.
569 1355 604 1416 et
629 1351 792 1433 sapientia
820 1355 984 1436 spirituali
1011 1355 1138 1438 plenus.
1163 1371 1227 1419 nou
1249 1349 1435 1433 frangeret?

126 1468 159 1518 ιο
193 1457 425 1524 Uerumtamen
445 1457 477 1522 io
501 1455 609 1522 medio
639 1457 781 1524 nationis
812 1477 914 1540 praue
944 1465 978 1526 et
1004 1476 1159 1542 peruerse
1189 1458 1329 1541 positus.
1359 1457 1436 1521 licet

192 1563 315 1630 multos
339 1565 555 1628 conuerteret.
576 1561 734 1642 plurimos
748 1567 859 1630 tamen
881 1562 1025 1631 habebat
1047 1563 1252 1630 aduersarios
1274 1563 1378 1628 lortes
1401 1567 1436 1625 et

193 1671 361 1750 potentes:
385 1666 439 1748 qni
463 1665 655 1732 nobilissimi
678 1668 829 1750 martyris
851 1669 966 1734 christi
988 1669 1207 1752 predicationi
1229 1674 1263 1734 et
1281 1667 1436 1749 operibus

194 1773 324 1840 sanctis.
348 1773 428 1838 totis
452 1771 576 1838 nisibus
600 1771 788 1840 obuiabunt.

279 1887 363 1963 Καρ.
407 1883 611 1944 Confluebant
633 1890 690 1944 etc.

130 2006 161 2053 15
281 2012 349 2052 uera.
393 1989 519 2050 Goniuai
542 1993 600 2048 otc.

281 2089 389 2156 Lectio
418 2087 459 2170 vj.
514 2088 623 2153 Iustus
656 2093 765 2154 autem
798 2094 833 2153 vt
864 2090 917 2156 leo
956 2090 1121 2156 conlidens
1156 2091 1281 2172 absque
1310 2092 1437 2154 terrore

196 2200 281 2262 erat:
305 2201 340 2262 ct
361 2194 450 2260 iuxta
472 2192 654 2274 exemplum
676 2192 766 2260 beati
788 2195 854 2260 iob.
876 2213 942 2260 non
966 2196 1206 2277 expauescebat
1228 2195 1269 2259 ad
1291 2193 1436 2258 multitu·

198 2301 305 2368 dinem
333 2300 479 2364 nimiam:
508 2317 568 2365 nec
596 2298 762 2380 despectio
791 2300 1044 2381 propinquomm
1078 2299 1226 2366 terrebat
1257 2317 1342 2364 eum.
1378 2317 1439 2363 nec

198 2405 439 2472 aduersantium
470 2403 565 2470 minis
592 2409 650 2470 aut
677 2403 802 2469 insidiis
831 2406 937 2469 auerti
960 2409 1091 2487 poterat
1113 2424 1133 2471 a
1160 2405 1344 2470 constantia
1371 2421 1444 2486 pre·

131 2529 165 2576 ao
199 2510 383 2578 dicationis.

283 2624 367 2700 Καρ.
410 2621 558 2682 Florebat
581 2626 639 2680 etc.

284 2749 352 2788 uer-e.
397 2727 564 2788 Exultabat
586 2731 644 2787 ete.

752 1959 790 1983 =
813 1957 844 2012 p.
869 1935 1009 1997 2353-l‚

705 2692 743 2717 =
765 2690 796 2749 p.
821 2670 999 2732 23515-18.

677 2904 720 2969 Io
742 2905 790 2989 iij.
812 2909 976 2972 nocturno.

285 3060 340 3109 aar.
385 3049 449 3110 Nec
471 3051 598 3129 propria
620 3055 680 3108 cto.
706 3071 744 3095 =
767 3069 799 3126 p.
823 3047 996 3109 23520-21.

288 3165 343 3214 aad.
387 3155 475 3215 Nouo
499 3160 556 3214 eto.
580 3177 619 3202 =
643 3174 674 3232 p.
700 3149 877 3215 23523-24,

287 3270 342 3319 aut.
387 3259 611 3321 Prodicabionis
634 3265 692 3320 etc.
716 3282 755 3307 =
778 3279 808 3336 p.
831 3257 1006 3319 mas-al,

287 3385 355 3424 vers.
399 3365 520 3444 Magna.

289 3463 398 3528 Lectio
429 3463 482 3540 vii.
539 3463 686 3529 GRatum
718 3462 879 3543 siquidem
910 3461 958 3527 illi
992 3465 1072 3528 crat.
1106 3478 1171 3526 non
1205 3458 1311 3524 solum
1346 3462 1381 3521 vt
1418 3457 1450 3522 in

206 3567 362 3634 christum
390 3567 548 3633 crederet.
576 3568 636 3632 sed
664 3569 761 3632 etiam
791 3573 826 3631 vt
851 3585 912 3649 pro
946 3567 1002 3631 illo
1036 3571 1220 3648 pateretur:
1254 3581 1314 3628 nec
1346 3561 1450 3627 solum

141 3691 174 3737 su
207 3672 399 3755 temporalis
421 3672 513 3752 regni
538 3671 689 3736 diadema
711 3678 846 3753 paratus
871 3677 942 3737 erat
963 3688 1023 3753 pro
1046 3670 1169 3735 cbristo
1193 3669 1368 3750 deponere.
1392 3668 1463 3760 sed

209 3777 307 3842 etiam
325 3781 446 3858 martyr
463 3777 503 3841 ad
521 3775 733 3860 perhennium
752 3776 886 3857 gloriam
905 3777 1095 3858 gaudiorum
1114 3772 1323 3841 desiderabat
1338 3771 1451 3838 intime

207 3880 394 3964 pertingere
417 3879 444 3944 Ο
468 3883 588 3961 quante
612 3878 796 3946 deuotionis
819 3879 999 3962 flagrantia.
1024 3885 1228 3962 quantusque
1251 3877 1325 3943 lidei
1344 3877 1453 3942 leruor

210 3985 476 4052 excellentissimi
493 3984 634 4050 martiris
655 3985 769 4051 christi
787 3993 904 4068 pectus
924 3984 1196 4051 inflammauerat:
1218 3986 1273 4066 qui
1294 3985 1326 4050 in
1345 3984 1453 4049 medio

208 4091 352 4174 gentium
376 4091 583 4158 constitutus.
608 4107 670 4154 non
696 4092 850 4157 cessabat
876 4097 985 4157 tamen
1018 4091 1135 4156 salutis
1163 4090 1297 4156 verbum
1329 4089 1452 4154 cunctis

144 4217 175 4264 as
209 4197 389 4279 predicare.
428 4195 604 4262 Plurimum
627 4195 769 4278 proiecit
790 4198 821 4262 in
845 4197 954 4262 breui:
977 4201 1013 4262 ct
1033 4195 1302 4262 innumerabilem
1322 4193 1453 4258 domino

211 4300 450 4368 multitudinem
474 4301 659 4385 acquisiuit.

296 4413 378 4491 Reap.
422 4414 598 4474 Denanerat
621 4419 679 4474 etc.

296 4540 363 4579 rere.
407 4519 455 4594 Hij
480 4539 552 4596 ergo
576 4525 634 4577 cto.

296 4616 406 4682 Lectio
435 4617 503 4695 oieb.
546 4615 762 4682 Confluebant
791 4621 899 4681 autem
937 4615 977 4682 ad
1013 4614 1175 4696 baptisma
1215 4612 1363 4679 certatim
1397 4632 1455 4697 po-

768 4487 805 4510 =
830 4485 860 4540 p.
885 4461 1027 4524 2361-8.
