3668 5348
665 367 836 422 HISTORIA
858 367 1091 422 NOBWEGIAE.·
1437 369 1476 431 95

240 569 330 618 mare
363 566 454 616 more
487 549 589 631 euripi
612 549 801 616 'inaestuare
833 567 873 614 ec
905 549 997 629 quasi
1030 547 1170 617 cacabus
1188 546 1331 640 ‚lervere
1360 551 1477 634 coepit,

240 655 316 721 dum
339 659 429 720 terre
449 653 621 720 edhiscens
645 653 686 718 ab
707 655 772 719 imo
795 653 975 734 ignivomos
992 670 1129 735 vapores
1145 657 1365 734 montemque¹
1388 673 1477 738 mag-

241 776 315 826 num
339 759 435 825 undis
456 762 674 840 emergentem
700 777 738 824 ex
761 776 798 824 se
820 757 982 840 produxit.
1027 757 1121 835 Quod
1144 758 1254 824 multis
1276 763 1410 826 monstri
1433 764 1477 828 si-

240 861 332 930 mile¹
360 862 498 942 videtur,
528 862 739 928 mundumve³
769 863 851 929 mira
871 861 1096 945 portendere⁴¹
1112 863 1164 928 vel
1184 863 1236 929 sui
1257 864 1423 932 interitum
1446 867 1499 931 in.

109 1015 111 1020 -
189 967 362 1036 ontibus
383 966 590 1051 praefigurare
612 969 803 1050 coniectent,
828 985 900 1034 cum
924 967 1087 1034 elementa
1102 967 1308 1034 inevitabiles
1328 987 1478 1036 accessus
1543 975 1544 980 ’

240 1077 273 1139 el
297 1072 463 1138 naturales
487 1079 604 1155 suapte
625 1072 760 1154 sponte⁵
782 1077 936 1139 exercent
957 1078 1074 1138 motus.
1119 1073 1208 1138 Dixit
1229 1091 1370 1157 nemque
1393 1075 1476 1142 Soli·

239 1197 301 1244 nus
322 1179 355 1244 in
388 1177 471 1244 libro
502 1195 571 1257 suo,
603 1195 699 1260 quem
732 1176 772 1242 de
802 1178 911 1242 mundi
934 1176 1138 1242 mirehilihus
1162 1179 1300 1262 scripsit,
1324 1173 1477 1264 abyssum

239 1283 522 1366 profundissimam
545 1283 578 1350 in
601 1281 674 1364 ipsa
696 1287 784 1347 terra
808 1269 955 1366 ‚existere
977 1281 1077 1361 (unde
1099 1283 1254 1365 scriptum
1277 1289 1345 1350 cst:
1368 1285 1477 1368 rupti

240 1393 330 1456 sunt
351 1386 486 1454 tontes
509 1387 644 1468 abyssi
668 1389 835 1466 magnes),
861 1387 954 1468 juxte
976 1405 1073 1468 quam
1095 1387 1266 1468 speluncas
1289 1391 1478 1473 propatulae

238 1499 354 1560 ventos
371 1493 522 1574 aquatico
535 1492 715 1575 spiratione
733 1492 964 1574 conceptosin
983 1509 1020 1556 se
1039 1492 1214 1574 continere,
1238 1495 1392 1577 quisunt
1414 1497 1479 1579 spi-

239 1596 560 1680 ritusprocellarum.
603 1595 646 1662 Hi
664 1613 741 1662 vcro
761 1596 849 1662 venti
861 1614 922 1662 sua
933 1595 1113 1680 spiratione
1132 1615 1192 1678 per
1213 1599 1359 1665 occultos
1381 1605 1478 1668 terrac

239 1707 367 1770 mestus
390 1719 492 1784 aquas
520 1700 617 1768 maris
647 1701 689 1767 ad
711 1719 747 1766 sc
771 1700 967 1767 contrahunt
988 1707 1024 1768 et
1045 1701 1077 1766 in
1100 1701 1273 1769 thesauros
1296 1704 1406 1788 abyssi
1429 1724 1478 1772 rc-

8 1015 31 1096 ’δι

293 1871 420 1925 'montem
431 1871 479 1925 cd.
506 1871 634 1925 ‘strecs
664 1869 1040 1934 'mundumne(alleruc)0d.
1066 1869 1339 1938 ⁴M.protendsrecd.
1368 1871 1477 1928 ⁸indsat.

239 2030 337 2090 komit
365 2029 398 2088 si
420 2028 650 2104 eldsgsnginum
674 2029 756 2086 sidrt
772 2028 849 2103 fjall,
872 2048 909 2087 en
932 2033 1026 2086 annet
1047 2028 1126 2099 siilrlr
1147 2029 1213 2090 nlbr
1234 2031 1245 2088 i
1268 2031 1395 2104 station,
1429 2032 1481 2106 bat

241 2155 276 2194 en·
297 2153 361 2210 upp
383 2133 453 2192 lrom
476 2133 486 2190 i
508 2132 605 2207 iyrstu
629 2133 693 2192 med
717 2140 804 2191 siimu
827 2135 921 2210 grein.
1062 2111 1091 2190 .“
1606 2115 1610 2125 ’

329 2241 354 2298 1.
399 2228 539 2314 euripus]
568 2246 601 2284 ⁰²
630 2241 736 2314 trengt
758 2238 852 2308 Sond,
888 2238 964 2296 bvor
987 2238 1042 2296 der
1064 2257 1138 2314 goar
1160 2239 1254 2298 stmrk
1276 2241 1389 2314 Strpm,
1411 2243 1478 2328 sml.

239 2343 332 2404 Bodas
356 2343 393 2403 de
415 2348 588 2418 temporum
611 2345 729 2402 ratione
753 2342 828 2418 (lap.
851 2345 908 2402 28:
931 2342 1039 2419 Euripi
1061 2344 1152 2402 etiem
1174 2346 1205 2402 in
1227 2350 1386 2422 utromque
1410 2365 1479 2422 per·

209 2478 213 2486 ·
239 2453 301 2506 tem
324 2449 407 2507 soliti
435 2451 506 2506 sunt
539 2448 665 2524 propria
686 2447 799 2504 leniter
819 2445 935 2506 fluenta
957 2453 1135 2507 convertere
1158 2449 1277 2525 reliquo
1302 2454 1383 2510 omni
1405 2457 1479 2511 tem·

239 2569 332 2630 pore:
365 2571 433 2610 cum
464 2570 537 2610 voro
570 2551 644 2609 lunc
675 2553 814 2610 nescitur
843 2551 926 2610 nullo
960 2553 1049 2612 modo
1078 2558 1209 2628 possunt
1232 2557 1400 2630 quiescere,
1424 2556 1479 2616 sed

239 2658 411 2717 vehementi
432 2658 554 2714 fervore
594 2673 716 2732 semper
748 2661 927 2727 exaestuent,
958 2657 1057 2716 donec
1084 2658 1158 2715 luna
1184 2679 1296 2726 rursus¹
1320 2666 1478 2736 appareat,

241 2762 424 2821 seditionem
447 2763 605 2821 commotis
624 2761 800 2820 turbinibus
823 2762 963 2820 allatura.

328 2870 354 2927 1.
400 2862 544 2938 cacabus]
569 2885 614 2942 gr.
637 2845 816 2940 κσῖκκοιβος,λ
835 2866 946 2938 Gryds,

326 2974 353 3030 7.
399 2971 521 3032 Solinus
545 2973 576 3028 in
598 2962 771 3046 librosuo]
804 2971 886 3030 Feri.
911 2971 967 3030 har
994 2991 1095 3049 neppe
1123 2973 1207 3032 leant
1240 2974 1323 3034 dette
1359 2974 1479 3036 direlrte
1507 3050 1511 3060 .

240 3077 288 3136 ira
310 3077 443 3138 Solinus.
487 3077 558 3136 blau
593 3075 809 3150 sammenligne
833 3068 966 3136 Solinus’
1001 3075 1065 3136 Ond
1096 3075 1205 3150 (xxm,
1237 3076 1375 3153 tto-21)
1409 3079 1479 3141 med

125 3187 130 3200 ’
242 3180 458 3257 Gjengivelseu
480 3181 537 3240 hos
568 3180 669 3240 Isidor
692 3176 751 3250 (De
781 3185 892 3239 natura
920 3199 1020 3239 rerum
1048 3178 1118 3264 xrs).
1164 3166 1303 3242 Solinus:
1340 3185 1478 3259 „Physici

241 3289 326 3344 siunt
348 3284 491 3346 mundum
526 3285 636 3344 enimsi
664 3305 734 3344 erse
763 3305 891 3362 eumque
923 3303 960 3344 ex
986 3287 1078 3344 variis
1102 3287 1321 3347 elementorum
1345 3293 1479 3366 eorpori-

241 3391 298 3450 bus
328 3389 543 3466 conglobatum
569 3390 684 3448 moveri
714 3391 833 3466 spiritu,
867 3389 932 3464 regi
964 3395 1081 3448 mente:
1118 3409 1184 3468 quae
1213 3398 1345 3468 utreque
1368 3395 1480 3455 diffusa

240 3513 298 3571 per
315 3494 451 3576 membre
471 3496 573 3554 omnia
602 3497 724 3554 eterne
755 3494 842 3552 molis
872 3496 1006 3569 vigorem
1034 3500 1206 3554 exerceant.
1224 3483 1231 3496 ⁸
1251 3499 1329 3558 Sunt
1351 3519 1425 3575 ergo
1447 3502 1478 3559 in

242 3598 424 3675 corporibus
457 3602 571 3659 nostris
602 3599 791 3672 commercia,
821 3602 892 3656 sunt
916 3601 1074 3674 spiritalia,
1104 3603 1148 3659 ita
1173 3602 1204 3658 in
1226 3579 1388 3677 profundis
1411 3625 1479 3662 oos-

241 3705 402 3763 emineres
426 3703 573 3780 quaedem
595 3703 699 3762 mundi
722 3704 915 3774 constitutae,
945 3722 1002 3779 per
1031 3723 1107 3780 ques
1131 3707 1234 3766 emissi
1256 3707 1408 3766 anhelitus
1431 3710 1480 3768 vel

240 3808 361 3868 reducti
373 3807 696 3877 modoeiflentmsria,
719 3807 808 3867 modo
831 3805 1005 3870 revocenl“.
1048 3809 1162 3868 isidor:
1189 3809 1270 3880 „Gur
1292 3830 1426 3872 oceanus
1447 3815 1479 3871 in

242 3932 276 3972 ee
298 3914 465 3988 reciprocis
501 3911 626 3971 restibus
650 3915 832 3984 revertetur,
867 3911 1043 3990 philosophi
1065 3915 1220 3986 mundum,
1254 3920 1289 3973 ut
1319 3918 1362 3975 eit
1385 3917 1479 3976 Soli-

230 4035 322 4102 ⁸nus,
346 4035 383 4074 ex
411 4020 543 4094 quetuor
572 4016 732 4074 elementis
764 4017 852 4092 qussi
876 4015 1031 4092 quoddam
1054 4019 1164 4077 animal
1187 4039 1255 4078 esse
1279 4019 1385 4078 dicum
1408 4040 1478 4079 con·

242 4126 359 4180 cretum
378 4123 554 4198 moverique
585 4121 716 4196 quodem
739 4121 851 4196 spiritu
873 4126 905 4178 et
928 4121 1008 4180 sicut
1028 4123 1060 4181 in
1083 4124 1265 4199 corporibus
1287 4127 1401 4184 nostris
1432 4144 1479 4184 re·

242 4225 380 4302 spirandi
401 4225 553 4284 habentur
575 4226 764 4297 commercia,
798 4227 843 4284 ite
869 4226 901 4282 in
923 4225 1085 4302 profundis
1106 4230 1213 4286 coenni
1235 4247 1304 4286 esse
1329 4227 1478 4304 quosdam

241 4335 360 4388 meatus
382 4333 543 4390 ventorum
565 4329 660 4388 veluti
691 4330 795 4388 mnudi
816 4348 917 4406 nares,
947 4348 1005 4407 per
1027 4348 1103 4407 quas
1127 4333 1230 4390 emissi
1254 4333 1408 4392 anhelitus
1432 4333 1479 4390 vel

241 4436 368 4494 retracti
391 4435 508 4494 sltsrno
531 4415 659 4492 acconen
688 4453 883 4509 recessuque,
913 4453 994 4492 nuuc
1025 4417 1210 4511 evaporante
1242 4437 1353 4511 spiritu
1375 4435 1480 4502 efflent

242 4540 346 4610 maria,
369 4557 449 4596 nunc
471 4537 648 4596 retrahente
670 4535 782 4611 spiritu
804 4534 984 4596 reducent“.
1026 4595 1036 4618 Ι,

328 4644 356 4700 8.
402 4633 634 4717 scriptumest]
659 4660 693 4700 ss
717 4642 845 4699 ovenior
868 4641 898 4700 S.
923 4634 986 4702 32⁵.
