3640 5342
1381 343 1440 408 241

202 553 366 613 procerum
397 534 449 594 lux
481 535 629 612 noruegie
663 552 840 612 gemmisque
873 534 971 592 totius
1004 534 1122 611 petris:
1163 537 1218 593 tus
1251 536 1444 596 sanctissima

204 660 297 719 prece
319 659 376 718 pro
398 639 488 700 uobis
510 640 727 718 peccstoribus
750 640 909 718 propicius
930 639 1097 698 intercede.

288 757 344 806 cut.
388 747 503 806 Bestus
525 747 572 804 vir
594 747 703 806 olenus
725 744 920 804 talentorum.
942 754 971 802 ct
989 764 1077 820 supro
1098 765 1143 804 cu.
1165 748 1220 821 υἰῇ.

287 863 344 911 cut.
389 851 489 912 Corde
517 855 550 910 st
577 869 632 910 ore
660 851 821 910 laudemus
850 850 968 926 puriter
990 853 1164 910 sauctorum
1187 852 1444 913 sanctificatorem

154 973 168 1018 n
204 957 372 1017 dominum:
407 958 459 1034 qui
487 959 519 1016 in
550 958 666 1017 eunctis
696 957 759 1016 suis
783 973 906 1032 semper
927 959 977 1014 est
996 956 1144 1016 mirabilis
1168 959 1282 1035 quique
1306 964 1444 1018 sunctum

202 1080 306 1140 regem
340 1062 462 1122 olsuum
495 1065 658 1138 mertyrem
691 1062 898 1121 venerandum
927 1061 1028 1139 glorie
1056 1061 1225 1123 ethonore
1248 1069 1442 1125 coronatum:

202 1169 250 1228 his
272 1169 364 1227 terris
386 1168 547 1227 transtulit
568 1187 627 1244 per
648 1169 824 1244 martyrium
847 1167 887 1226 sd
910 1167 1034 1226 celestis
1057 1170 1145 1244 regni
1166 1169 1331 1246 palacium:
1357 1174 1444 1232 cuine

204 1276 304 1334 enims
325 1275 550 1334 virtuosissima
577 1273 609 1332 in
638 1274 712 1332 celis
740 1273 913 1333 sublimiter
931 1276 1079 1333 coronsts
1099 1273 1190 1334 nobis
1214 1274 1307 1334 solite
1329 1294 1444 1352 quesn·

203 1398 269 1439 mus
293 1378 460 1455 amplificet
482 1377 636 1456 snffrsgis.

138 1501 170 1547 ιο
288 1495 345 1544 unt.
399 1484 464 1544 Nos
487 1486 605 1562 pariter
627 1485 729 1544 cuncti
751 1483 864 1544 denoto
886 1488 1013 1561 pectore
1035 1484 1145 1544 iuncti:

398 1590 497 1650 tribus
520 1592 663 1668 penoris
686 1589 807 1650 leudem
830 1608 1008 1649 resonemus
1030 1590 1061 1648 iu
1083 1589 1218 1666 hymnis:

398 1697 430 1754 in
453 1699 513 1754 tem
536 1697 677 1773 precisus
698 1695 804 1755 festini
826 1696 974 1772 temporis
996 1694 1088 1754 hora:

400 1821 490 1879 quum
510 1803 628 1860 meritis
652 1802 743 1861 dinus
766 1819 880 1859 summe
900 1801 1024 1860 virtutis
1046 1800 1154 1862 olenus

398 1907 447 1967 hic
469 1911 584 1984 martyr
606 1907 720 1967 domini
743 1909 870 1965 cunctus
893 1905 949 1964 snb
971 1905 1088 1966 honore
1110 1911 1240 1986 pereuni

398 2013 522 2072 extulit:
547 2014 670 2090 egregio
692 2012 811 2071 victrici
832 2011 924 2070 laude
946 2012 1101 2088 triumpho

398 2119 469 2179 dnm
492 2138 549 2196 per
570 2122 723 2177 tormonte
745 2116 803 2176 celi
825 2115 1005 2176 conscendit
1027 2116 1067 2176 sd
1089 2117 1167 2177 ulto:

399 2243 459 2300 quo
481 2244 562 2283 nunc
586 2243 654 2282 oum
677 2223 792 2282 christo
814 2222 988 2281 dominetur
1009 2223 1076 2283 iure
1098 2223 1206 2282 boeto:

399 2329 575 2387 criminibus
599 2328 702 2388 solues
726 2328 782 2386 sed
804 2326 844 2385 ob
866 2325 924 2385 hoc
945 2333 977 2385 te
1000 2331 1155 2405 poscimus
1180 2349 1303 2388 omnes:

399 2451 416 2490 o
439 2436 485 2491 vir
507 2437 612 2492 cuncte
636 2433 686 2492 dei
709 2432 795 2490 miles
818 2432 985 2490 fortissime
1010 2433 1131 2493 christi:

398 2543 431 2596 vt
454 2539 496 2596 sis
519 2541 668 2615 petronus
690 2541 796 2596 noster
819 2539 884 2596 sine
906 2538 967 2596 fine
987 2537 1142 2616 benignus

397 2642 529 2701 iundens
550 2647 623 2701 soto
645 2661 770 2721 precum
792 2661 848 2718 pro
871 2642 961 2701 nobis
984 2663 1064 2703 nunc
1087 2649 1118 2704 et
1139 2647 1170 2704 in
1194 2665 1293 2705 enum.

288 2756 343 2805 cut.
388 2747 485 2807 Hodie
516 2747 669 2824 gloriosus
697 2751 786 2824 pater
817 2747 925 2806 olenus
954 2747 1106 2809 dissoluta
1134 2749 1223 2809 huius
1244 2750 1442 2811 hebitutionis

204 2851 294 2912 domo
329 2853 449 2912 domum
481 2872 542 2912 non
575 2852 779 2912 manuisctsm
810 2839 931 2929 ncc'spit
958 2854 990 2911 in
1022 2855 1110 2912 celis:
1141 2873 1230 2930 quam
1253 2855 1311 2915 eibi
1335 2875 1445 2934 coope·
1485 2847 1488 2852 ’

203 2962 291 3016 rente
332 2959 381 3018 dei
418 2959 518 3036 gratis
552 2975 642 3017 monn
674 2957 781 3034 lingue
813 2956 977 3016 iebreiecit
1008 2959 1040 3017 in
1072 2960 1164 3020 terris
1197 2959 1247 3020 vbi
1282 2962 1355 3038 qnid
1386 2964 1446 3020 iem

137 3081 169 3130 ae
204 3065 303 3124 sitinii
335 3066 490 3124 internum
522 3066 627 3140 gustat
660 3067 816 3121 eternum:
851 3063 1013 3122 decoretur
1045 3083 1105 3122 ruo
1137 3065 1218 3124 stols
1247 3085 1373 3126 securus
1405 3066 1443 3126 de

203 3169 332 3246 relique.

287 3285 344 3333 cut.
388 3274 566 3333 Exuitemns
599 3292 703 3333 omnes
736 3273 768 3332 in
803 3273 861 3332 deo
895 3273 1022 3332 solutari
1051 3281 1158 3335 nostro
1187 3277 1239 3352 qui
1262 3276 1444 3336 recordatus

204 3380 412 3440 misericordie
446 3399 501 3440 sne
535 3380 687 3457 suscepit,
706 3381 845 3438 sanctum
878 3397 964 3438 snum
993 3397 1094 3454 regem
1117 3379 1238 3439 oluuum
1259 3384 1290 3440 in
1314 3382 1444 3459 collegio

204 3489 370 3559 martyrum
400 3503 490 3560 quem
521 3503 664 3560 rogemus
699 3503 804 3544 omnes
834 3488 867 3544 vt
895 3502 952 3562 pro
980 3484 1068 3544 uobis
1090 3486 1192 3562 ipsum
1214 3505 1317 3562 regem
1340 3505 1446 3562 regum

28 3587 33 3599 '
138 3605 171 3651 ³0
206 3608 330 3666 semper
351 3593 459 3647 exoret
479 3589 576 3646 iesum
600 3588 757 3648 christum.

600 3755 705 3822 Tertio
731 3756 780 3823 die
806 3757 849 3824 cd
872 3757 1057 3826 matutinus.

291 3910 486 3968 quitctoir'um.
531 3909 662 3986 Magnus
685 3911 836 3970 dominus.
882 3907 934 3982 [=
958 3932 990 3988 p.
1013 3903 1131 3986 231²²].

289 4018 442 4075 consutus.
487 4015 633 4074 Posuisti.

291 4113 399 4179 Lectio
416 4117 442 4194 j.
487 4113 590 4180 PUeri
604 4113 769 4179 cniusdam
789 4112 872 4179 falso
892 4114 1033 4196 impetiti
1053 4113 1201 4180 crimine:
1224 4120 1261 4178 st
1282 4133 1363 4196 sepe
1384 4115 1448 4181 fert

139 4237 171 4282 sc
206 4219 313 4284 iustus
334 4221 456 4285 crimen
475 4218 575 4301 iniqui
595 4219 706 4300 lingue
723 4218 849 4284 abscisa
867 4224 933 4299 est;
956 4219 1009 4286 hic
1028 4217 1116 4285 tama
1137 4219 1365 4284 miraculorum
1385 4238 1447 4302 que

206 4325 379 4405 persancti
392 4323 478 4388 cisni
491 4323 689 4410 meritnufieri
701 4323 890 4407 frequenter
900 4325 1073 4391 sustineret
1091 4325 1251 4391 excitatus
1270 4323 1311 4389 cd
1324 4341 1447 4390 memo·

205 4429 286 4495 rium
300 4429 451 4510 martyris
467 4428 570 4494 venit:
593 4436 741 4495 sunctum
761 4431 870 4496 multis
884 4429 1220 4512 efflagitetlachrimis
1233 4429 1309 4496 altis
1333 4435 1448 4494 exorat

205 4531 397 4616 gemitibus:
426 4539 461 4598 vt
481 4534 637 4616 loquendi
661 4533 801 4600 officium
826 4536 911 4616 quod
935 4536 1054 4601 iniuste
1076 4535 1274 4615 perdiderat,
1298 4551 1357 4599 suo
1381 4533 1446 4598 sibi

205 4638 362 4708 restituet
393 4642 587 4705 interuentu.
640 4639 773 4706 Factum
805 4644 858 4706 eet
881 4645 917 4706 vt
943 4641 997 4722 qui
1026 4641 1066 4706 nd
1101 4639 1306 4790 sepulciffium
1341 4638 1445 4704 sancti
