3622 5344
375 291 437 356 234

373 483 543 557 exemplum
573 482 668 540 saneti
698 481 759 540 iob.
810 481 878 538 Nou
909 483 1136 557 expsueseebst
1162 484 1202 542 ad
1226 484 1450 544 multitudinem
1472 487 1616 544 nimiam:

373 607 430 644 nee
454 585 613 661 despectio
636 588 878 662 propinquorum
901 588 1039 646 terrebat
1061 608 1137 646 eum.

459 711 524 749 uera.
577 691 731 750 Offerebat
758 712 790 750 ss
820 695 930 768 sponte
960 693 1119 768 perieulis:
1153 695 1329 769 martyrium
1360 697 1519 774 suscipere
1552 715 1614 755 uon

373 815 530 856 raeueane.
616 797 695 857 Non.

856 1097 898 1164 Iu
919 1101 954 1181 ij.
977 1104 1130 1166 nocturno
1649 1107 1669 1154 ⁵
1702 1183 1706 1190 1
1794 1153 1795 1184 p

458 1337 513 1383 aut.
559 1325 740 1386 Purifiestus
770 1303 864 1402 igitur
890 1328 1014 1387 leueoro
1043 1329 1171 1387 solutari
1198 1331 1327 1403 repente
1348 1332 1484 1388 mutetur
1513 1333 1562 1388 eat
1582 1330 1615 1387 in
1718 1379 1725 1392 .

372 1429 463 1489 aliurn
485 1434 591 1490 virum.

454 1550 504 1609 ps.
550 1529 629 1592 Cum
653 1528 869 1594 inuocatione.
902 1579 903 1584 η

454 1650 511 1698 ant
556 1641 763 1718 Consepultus
787 1643 903 1702 cbristo
926 1661 982 1718 per
1011 1643 1197 1720 baptismum
1226 1645 1257 1701 in
1286 1647 1428 1702 inertem:
1463 1644 1494 1701 in
1528 1645 1615 1702 noui·

372 1749 435 1804 tate
464 1745 526 1804 vite
554 1747 712 1822 religionis
742 1765 832 1822 quern
862 1751 1044 1823 susceperat
1069 1749 1313 1825 perfeetissimus
1343 1749 1525 1808 obseruator
1554 1767 1614 1807 em·
1655 1767 1689 1810 ιο
1794 1813 1795 1820 ¹

375 1850 510 1909 balebet.

451 1969 503 2029 ps.
550 1948 657 2015 Verba
680 1959 762 2014 mea.
1179 2037 1183 2043 Ι
1576 2033 1586 2052 .

455 2071 511 2120 eru.
564 2061 700 2122 Cuuebst
728 2061 923 2120 vehementer
955 2062 1102 2140 quiequid
1129 2063 1196 2124 fieri
1223 2063 1274 2122 lex
1295 2068 1382 2123 vetet
1403 2064 1511 2124 diuina
1531 2065 1621 2140 quie·'
1648 2107 1656 2122 .

372 2167 447 2244 quid
468 2170 569 2228 eutem
592 2161 726 2244 precipit
748 2166 963 2228 ardentissimo
987 2168 1251 2250 complectebatur
1274 2169 1394 2230 affeetu.

452 2286 503 2347 ps.
549 2265 686 2330 Domine
708 2263 858 2330 dominus
881 2270 1002 2332 noster.

454 2398 522 2438 uere.
565 2377 700 2437 Posuisti
723 2376 844 2437 domine
868 2397 972 2456 super.

454 2476 545 2540 tectio
565 2475 626 2554 iiij.
672 2473 717 2539 IN
739 2473 835 2540 dietis
864 2493 1004 2557 namque
1026 2475 1153 2558 legibus
1176 2495 1270 2542 suum
1293 2477 1409 2560 cuique
1434 2477 1614 2544 conditioni

369 2579 420 2646 ius
444 2581 633 2661 assignauit.
667 2579 704 2644 Iu
726 2579 791 2644 iilis
815 2581 914 2646 etiam
928 2585 1082 2666 quantum
1106 2579 1220 2648 liceret
1235 2581 1386 2664 prelatis:
1410 2581 1442 2646 in
1466 2583 1615 2649 subditos

369 2688 404 2750 et
427 2690 579 2766 quantam
602 2681 742 2751 subietti
765 2687 982 2753 reuerentiam
1007 2705 1084 2768 erga
1111 2686 1256 2768 prelatos
1285 2687 1491 2755 exhiberent:
1515 2687 1614 2754 rectis

366 2789 526 2856 limitibus
562 2790 725 2855 discreuit.
781 2790 830 2856 Ibi
874 2781 1203 2857 modestissimus'et
1243 2793 1440 2875 equissimus
1476 2791 1613 2859 arbiter:
1651 2833 1686 2878 20

368 2897 536 2977 sapienter
568 2895 778 2962 considerans
809 2895 1001 2978 plerumque
1036 2913 1129 2978 reges
1158 2901 1325 2980 potestate
1357 2897 1420 2964 sibi
1460 2916 1616 2966 concessu

367 3000 506 3082 superbe
530 3001 619 3065 abuti
644 2999 676 3065 in
700 2999 864 3065 subditos:
893 3001 1001 3081 legum
1024 3003 1132 3082 rigore
1154 3001 1297 3083 regalem
1320 3005 1481 3070 coercuit:
1507 3008 1539 3070 et
1562 3024 1614 3070 re·

367 3105 508 3170 frenauit
541 3105 718 3170 licentiam.
770 3103 806 3170 In
841 3105 906 3170 iliis
937 3105 1064 3188 iegibus
1095 3106 1197 3172 claret
1229 3126 1326 3188 quem
1359 3108 1499 3174 deuotus
1536 3127 1614 3190 erga

368 3209 482 3274 deum:
505 3227 600 3290 quem
625 3211 784 3292 benignus
808 3227 886 3292 erga
907 3212 1087 3294 proximum
1112 3231 1167 3278 rex
1189 3213 1351 3294 gloriosus
1374 3213 1528 3281 extiterit.

451 3323 533 3398 Resp.
579 3323 686 3402 Itaque
711 3324 911 3383 deuotissime
931 3323 1095 3402 perficieris
1108 3325 1239 3385 officium
1254 3325 1459 3404 euangeliste:
1482 3327 1610 3386 indutus
1649 3367 1683 3410 25

366 3428 464 3487 lorica
491 3427 564 3487 fidei
595 3435 626 3488 et
659 3428 747 3506 galea
780 3430 900 3488 salutis.
957 3429 1114 3490 Gireuibet
1147 3433 1290 3490 ciuitates
1324 3433 1408 3492 vicos
1443 3435 1474 3490 et
1508 3431 1611 3492 villus:

367 3533 533 3594 salutarem
556 3535 726 3592 doctrinam
750 3533 861 3610 ubique
886 3533 1116 3594 disseminans.'

451 3659 518 3698 oua.
564 3640 635 3699 Iesu
661 3639 741 3698 bone
773 3642 905 3716 questos
942 3639 1064 3700 labores
1095 3643 1242 3701 sustinuit
1269 3645 1433 3718 antequam
1463 3641 1613 3720 populum

365 3744 558 3804 incredulum
581 3749 764 3804 conuertere
787 3748 904 3821 posset.
949 3744 1010 3804 Gir.

452 3841 543 3907 leutio
580 3863 604 3908 a.
661 3841 824 3924 Explicari
864 3841 996 3908 minime
1037 3859 1114 3909 vero
1128 3839 1265 3925 ‘potest
1297 3849 1421 3926 quante
1451 3843 1612 3912 berctus
1649 3877 1684 3924 ³0

365 3949 483 4016 beatus
516 3951 639 4028 martyr
670 3947 799 4028 populis
834 3947 986 4013 eontulit:
1023 3952 1179 4028 quantum
1212 3949 1336 4032 profuit
1369 3949 1444 4015 dum
1478 3949 1610 4031 prefuit.

366 4051 429 4119 Sed
452 4052 519 4117 vite
542 4051 703 4116 contraria
725 4069 900 4134 perpessus
924 4055 990 4117 est:
1012 4052 1243 4121 tribulationes
1266 4053 1386 4120 multas
1411 4061 1445 4120 et
1466 4053 1569 4120 melas
1592 4075 1612 4120 a

366 4157 576 4240 quibusdem:
600 4155 705 4222 donee
727 4156 855 4224 illorum
876 4156 1077 4222 multitudini
1089 4158 1245 4224 resistere
1259 4175 1323 4224 sou
1336 4159 1448 4224 valens
1471 4159 1613 4224 secessit

363 4263 399 4327 in
421 4247 575 4328 tusciam:
594 4260 867 4327 donecvoluutati
890 4281 927 4328 ee
945 4261 1116 4344 proposito
1139 4267 1267 4347 tempus
1285 4263 1436 4329 idoneum
1460 4263 1611 4329 domiuus

367 4365 514 4433 conterre
548 4367 743 4448 dignaretur.
800 4365 863 4432 Ubi
893 4386 912 4432 e
941 4367 1125 4449 gerzeilauo
1155 4367 1301 4435 eiusdem
1336 4369 1505 4452 prouiueie
1531 4387 1610 4449 rege
1649 4401 1684 4447 35

269 4555 271 4560 Ι
364 4471 534 4555 magnifico
556 4471 699 4553 gloriose
713 4475 884 4555 susceptus
905 4475 971 4539 est:
996 4473 1197 4557 amplissimo
1210 4490 1341 4556 quoque
1360 4472 1484 4540 honore
1497 4490 1611 4556 quana·

366 4577 422 4649 diu
443 4577 490 4649 ibi
517 4595 639 4648 moram
662 4577 730 4660 egit
757 4575 887 4646 babitus
916 4581 978 4645 est
1022 4577 1086 4646 Ubi
1114 4597 1178 4646 uon
1197 4565 1300 4661 perun
1323 4582 1473 4662 tenpore
1495 4579 1608 4670 demo·-
