3650 5348
370 303 409 366 '72
897 299 1088 351 esonoens.

372 483 453 548 time
482 483 586 560 nosti3
620 480 805 547 obsecundo
828 486 937 547 tamen
959 481 1080 546 nostris
1103 479 1318 547 amminiculis
1341 479 1452 561 matus,
1474 480 1604 546 illorum

372 586 505 652 edacem
527 585 661 651 livorem
683 584 922 666 postponendo,
951 585 980 651 si
1009 585 1087 666 quid
1119 590 1231 650 nostra
1250 582 1369 664 refert,
1401 577 1508 667 [quod¹
1532 584 1605 650 ros¹

371 690 495 771 posteri
518 689 588 753 haeo
611 689 673 754 mei
692 688 815 754 laboris
839 689 1059 754 emolumenta
1080 688 1262 768 habebitis3
1285 689 1402 770 quain
1423 706 1460 753 re
1482 688 1605 770 siquid

288 823 292 830 ·
371 794 501 858 indocta
522 794 668 874 parentis
689 791 851 857 forisfecit
872 794 1063 873 procacitas,
1088 793 1230 859 clemens
1252 792 1436 858 mandantis
1460 792 1606 858 remittat

371 896 497 960 caritas.
532 895 579 960 Tu
600 896 708 977 igitur,
729 914 748 961 o
766 894 925 978 agnella,
944 897 1017 978 jure
1042 897 1236 963 didascalico
1259 898 1302 963 mi
1324 896 1468 978 praelate,
1492 901 1604 962 uman-

306 1012 309 1020 ·
372 1018 435 1080 que
466 999 520 1064 alii
553 999 661 1065 ierant
692 999 763 1066 haec
787 1019 858 1066 mea
887 1001 1008 1082 scripta
1038 1000 1186 1082 legentes
1213 1020 1277 1067 non
1305 1001 1470 1067 rhetorico
1493 1000 1606 1084 lepore

371 1103 483 1184 polita,
510 1103 608 1168 immo
632 1103 833 1186 scrupulosis
854 1104 1065 1169 barbarismis
1084 1105 1250 1186 implicita,
1273 1109 1440 1188 gratanter
1457 1109 1495 1171 ut
1512 1105 1608 1170 decet

371 1207 508 1272 amioum
541 1208 688 1288 accipito.
739 1208 854 1288 Neque
888 1209 973 1272 onim
1005 1207 1109 1274 laudis
1139 1209 1252 1275 avidus
1279 1215 1317 1275 ut
1343 1209 1606 1291 chronographus

373 1311 479 1375 existo
503 1330 608 1392 neque
631 1311 783 1393 vituperii
806 1313 956 1384 stimulos
975 1318 1015 1378 -ut
1035 1313 1204 1380 falsidicus
1228 1311 1410 1400 emoneo,
1433 1331 1504 1379 cum
1526 1313 1608 1378 nihil

373 1433 465 1480 ame
489 1415 528 1479 de
554 1413 728 1480 vetustatis
750 1416 834 1481 serie
864 1405 981 1482 novum
1009 1417 1059 1482 vel
1082 1417 1263 1487 inauditum
1287 1419 1525 1503 assumpserim,
1548 1417 1606 1482 sed

372 1519 405 1584 in
435 1508 583 1583 omnibus
615 1521 777 1585 seniorum
809 1523 1008 1586 assertiones
1037 1529 1181 1588 secutus.
1231 1521 1264 1588 Si
1286 1521 1365 1606 quid
1385 1539 1462 1599 pero
1485 1523 1606 1586 nostris

335 1681 340 1693 .
375 1623 572 1704 temporibus
596 1624 751 1689 memoria
785 1623 916 1704 dignum
947 1625 1106 1690 accidisse
1133 1627 1273 1708 repperi,
1302 1625 1364 1690 hoc
1397 1625 1518 1711 ipsum⁴
1551 1623 1607 1690 ad-

376 1728 453 1806 didi,
484 1729 634 1807 quoniam
668 1727 842 1792 multorum
878 1727 1134 1810 magnificentias
1165 1747 1236 1794 cum
1266 1729 1334 1794 suis
1357 1727 1543 1794 auctoribus
1566 1727 1606 1798 ob

376 1833 571 1913 scriptorum
586 1831 727 1913 inopiam
747 1851 767 1896 a
783 1833 940 1898 memoria
953 1831 1179 1898 modernorum
1193 1833 1339 1914 quotidie
1351 1831 1436 1898 elabi
1448 1833 1606 1919 perspexi

446 2017 451 2046 ¹
487 2020 528 2083 (ij.
547 2035 611 2086 quoa
623 2020 669 2071 oo.
720 2017 785 2072 ²M.
802 2022 919 2084 angnalla
936 2021 1000 2082 (kas
1018 2036 1096 2087 ogsaa
1114 2025 1185 2074 lases
1203 2017 1333 2085 angnalle)
1353 2021 1400 2072 cd.
1447 2016 1514 2072 'lm
1533 2035 1608 2072 exor-

374 2121 419 2168 reo
437 2107 484 2160 Cd.
503 2104 562 2169 (den
580 2109 688 2158 sldsca'r
706 2124 733 2159 ar
750 2125 796 2161 aaa
813 2111 903 2168 uben,
922 2119 949 2162 at
966 2113 1013 2162 dan
1032 2111 1113 2175 lignar
1128 2110 1155 2169 v)
1199 2106 1210 2138 ⁴
1227 2109 1250 2160 B
1265 2109 1395 2162 ,mornadas
1411 2109 1474 2174 ipso.

461 2279 487 2335 1.
532 2269 723 2356 obsecundo]
749 2281 819 2362 „jag
841 2280 975 2356 adlydar,
999 2280 1138 2342 stolenda
1155 2299 1215 2356 paa
1234 2280 1273 2343 de
1293 2279 1525 2358 ffiaelpakildae
1554 2282 1610 2362 jag

374 2379 439 2454 har,
472 2382 539 2445 idet
563 2385 618 2458 jag
648 2383 861 2454 tilsidesaatter
882 2385 1038 2462 Hensynat
1065 2387 1102 2447 til
1124 2384 1346 2455 Misnndolson‚
1367 2383 1537 2450 fortwidi
1554 2386 1610 2464 jeu

331 2479 333 2482 ’
375 2485 581 2547 overhovedet
599 2488 714 2566 legger
740 2508 841 2568 nogen
872 2490 958 2568 Vagt
987 2510 1046 2568 pau
1077 2485 1206 2557 denne,“
1252 2490 1287 2550 B.
1342 2489 1546 2558 Heuiflrelsan
1579 2489 1612 2551 af

377 2593 424 2663 „ai
447 2592 521 2670 quid
543 2611 571 2649 n.
593 2587 637 2648 r.¹‘
663 2594 700 2651 til
724 2593 776 2652 dat
796 2595 1001 2672 forogasanda
1024 2594 1148 2672 skyldes
1171 2591 1325 2670 Gjaasing.

459 2696 487 2753 4.
532 2687 684 2772 parentis]
710 2697 762 2770 „af
781 2698 849 2767 dan,
874 2717 939 2761 som
961 2695 1114 2779 adlydsr.“
1162 2699 1195 2763 Β.

460 2800 490 2857 4.
534 2791 698 2878 forisfacit]
725 2801 773 2872 „d.
798 2821 824 2860 e.
848 2802 984 2873 offendit,
1008 2804 1114 2862 nocuit
1135 2798 1240 2874 (mind.
1263 2797 1361 2891 lat.).“
1407 2801 1441 2858 B.

460 2905 489 2962 4.
534 2895 720 2980 procacitas]
745 2904 795 2976 „d.
819 2925 846 2964 a.
872 2905 1116 2968 Ubaakodeated
1137 2908 1148 2964 i
1171 2911 1202 2964 at
1223 2904 1300 2965 have
1321 2907 1466 2981 pantagst
1498 2883 1557 2979 εἰς’
1580 2907 1612 2960 at

377 3007 522 3080 Arbaids,
544 3025 609 3068 som
631 3027 699 3066 man
721 3009 792 3067 ikke
815 3027 849 3067 or
872 3005 999 3067 roxen.“
1044 3009 1079 3067 B.
