3654 5336
445 399 542 452 sora
562 395 692 452 aaroni
710 381 823 452 οων]
844 397 946 450 naurs
964 399 1011 450 sn
1026 397 1218 452 unsarans.
1397 395 1456 460 139

210 599 273 663 qua
294 577 456 647 saoemoti
486 577 656 661 conjuncta
685 577 800 658 iuerat,
834 579 926 661 quasi
957 578 997 644 de
1029 596 1064 644 re
1093 581 1173 646 certi
1198 579 1452 662 supramodum

208 683 369 768 indignati
397 687 474 750 sunt
506 688 540 748 et
571 681 681 748 lurore
710 683 810 749 nimio
842 681 990 749 succensi
1014 682 1160 749 dolorem
1184 701 1277 750 anum
1302 682 1455 750 dissimu-

208 789 307 856 lando
339 792 600 873 suppresserunt.
646 787 792 866 Quadam
825 805 901 854 raro
936 789 989 853 die
1022 787 1229 854 sacerdotem
1263 787 1343 854 nibil
1379 788 1453 854 mali
1571 867 1573 874 y

210 895 430 977 suspicantem
465 899 603 959 evocant
626 897 660 958 et
683 898 850 974 assumpto
874 893 1013 975 quodam
1037 892 1156 958 cliente
1179 911 1237 959 suo
1261 891 1454 974 iniquitatis,

5 1061 7 1083 ,
143 1007 160 1054 ⁸
212 1017 309 1083 quam
337 1003 563 1081 conceperant,
594 998 726 1063 conscio
759 998 852 1080 qnasi
886 997 1051 1080 cuiusdam
1079 999 1126 1063 rei
1163 998 1315 1081 gerendae
1351 997 1456 1079 gratia

212 1119 323 1170 secum
346 1102 520 1168 abducant.
566 1101 712 1184 conque
742 1108 869 1168 remota
900 1107 934 1168 et
962 1102 1058 1184 longe
1082 1119 1101 1168 a
1125 1101 1221 1167 domo
1244 1119 1307 1167 sua
1327 1103 1360 1167 in
1382 1102 1454 1167 loca

212 1207 391 1274 secretiora
419 1207 650 1285 devenissent¹,
684 1207 878 1288 arripientes
901 1205 1127 1289 presbyterum
1151 1205 1229 1272 nihil
1253 1206 1321 1272 tale
1344 1205 1455 1301 furmi-

212 1312 343 1378 dantem
378 1307 529 1393 frangunt
559 1311 588 1376 ei
618 1309 726 1385 tibias,
761 1309 933 1376 abscidunt
962 1311 1115 1392 lingnam,
1147 1329 1167 1376 a
1195 1312 1303 1394 capite
1340 1310 1454 1376 oculos

212 1421 347 1496 eruunt;
370 1416 525 1499 [denique
546 1433 617 1482 cnm
639 1415 695 1481 xlle
718 1414 831 1482 dolore
853 1417 968 1481 anxins
989 1414 1119 1498 lingue,
1143 1415 1310 1482 residuum
1321 1429 1455 1480 movens

147 1525 179 1574 ¹⁰
212 1520 378 1587 balbutire
399 1519 574 1601 videretur,
597 1519 789 1586 invadentes
814 1537 886 1586 eum
909 1525 1035 1602 partem
1059 1520 1187 1602 lingna,
1208 1519 1455 1602 qnamrellque·

96 1709 102 1720 .
210 1631 295 1706 rant,
318 1624 496 1708 forcipibus
519 1624 727 1691 extrahentes
750 1625 866 1691 iterum
889 1625 1069 1704 abscidunt,
1092 1627 1126 1692 et
1158 1625 1271 1690 eodem
1300 1624 1455 1690 semiviro

212 1729 327 1797 relicto
350 1729 382 1795 in
407 1729 502 1796 dumo
526 1727 693 1811 enjusdam
716 1729 924 1812 paupercule
952 1728 1098 1795 mulieris
1122 1731 1163 1796 ab
1186 1729 1258 1811 ipsa
1280 1735 1455 1812 susceptus

213 1833 367 1900 defertur.
413 1833 514 1900 Porro
549 1833 604 1898 ille
635 1837 759 1899 tantm
790 1839 942 1916 expertus
969 1831 1195 1900 cmdelitatem
1226 1834 1390 1899 bominum
1415 1835 1456 1899 de

213 1937 321 2006 divina
343 1937 516 2004 clementla
538 1952 603 2004 non
627 1933 758 2017 diltldit3
794 1955 849 2004 ore
879 1943 994 2004 tacens
1023 1939 1142 2004 deroto
1165 1938 1264 2004 corde
1288 1935 1455 2006 efficacius

148 2053 180 2102 uo
215 2043 368 2126 loquitur.
414 2041 486 2122 Quo
510 2040 674 2121 intirmior,
706 2059 744 2108 eo
770 2042 887 2108 tortior
914 2048 949 2109 et
970 2047 1088 2125 potens
1108 2043 1150 2109 ad
1173 2043 1349 2125 gloriosum
1372 2059 1456 2108 mnr-

214 2153 316 2231 tyrem
341 2147 486 2227 Olarnm,
520 2147 562 2212 de
588 2147 680 2230 cnjus
711 2147 836 2214 meritis
865 2151 932 2213 tam
956 2165 1074 2230 magna
1098 2148 1255 2228 audierat,
1278 2147 1359 2213 totle
1380 2164 1456 2214 eon·

214 2271 328 2320 rerans
360 2251 559 2336 precordiis,
593 2251 685 2318 illum
717 2251 779 2318 sibi
813 2251 969 2318 ln'tanta
1000 2253 1200 2319 necessitate
1231 2271 1295 2318 non
1330 2252 1457 2318 deesse.

215 2355 457 2437 Quomisarlor,
482 2373 521 2422 eo
543 2355 769 2438 miserabilior,
793 2375 858 2440 quo
880 2357 983 2440 magis
1007 2355 1130 2437 anxins,
1154 2375 1194 2423 eo
1218 2351 1367 2424 obnixius
1385 2372 1458 2423 eum

217 2461 374 2545 deposcit.
420 2461 474 2527 Sic
501 2459 534 2527 in
562 2462 710 2529 oratione
733 2467 767 2528 et
789 2461 911 2542 gemitu
940 2467 975 2528 et
1000 2461 1196 2528 contritione
1226 2461 1334 2528 cordis
1356 2461 1462 2544 perai-

148 2589 182 2636 ιο
217 2569 307 2635 stans
330 2584 423 2650 opem
448 2568 597 2650 martyris
620 2566 794 2649 implorare
812 2585 874 2634 non
895 2570 1019 2634 cassat:
1043 2567 1143 2632 miser
1161 2567 1373 2633 miseratione
1391 2566 1461 2650 dig-

218 2689 277 2740 nua
300 2677 432 2756 postero
456 2671 588 2738 tandem
612 2671 664 2737 die
686 2673 818 2755 soporis
838 2673 948 2754 quiete
969 2669 1151 2738 resoluitur.
1197 2671 1239 2737 Et
1261 2689 1339 2738 ecce
1361 2689 1462 2754 appa·

217 2779 284 2844 ruit
308 2779 337 2843 ei
361 2782 494 2844 sanctus
516 2781 647 2858 martyr,
671 2776 782 2842 dicens
805 2795 842 2842 ae
865 2795 940 2844 esse
962 2776 1108 2857 Olarum,
1132 2795 1229 2859 quem
1250 2781 1318 2842 mm
1342 2775 1460 2843 deuota

218 2889 253 2950 et
281 2881 396 2949 obnixe
427 2885 641 2947 invocaverat.
687 2881 813 2948 Deinde
842 2881 1054 2967 oculos‘ejua
1078 2887 1112 2948 et
1133 2881 1232 2948 tibias
1261 2885 1296 2946 et
1324 2899 1463 2964 quaqua

219 2988 292 3054 loca
314 2987 424 3052 saucia
445 2983 564 3051 blanda
590 3003 685 3051 manu
708 2993 913 3069 pertractans
937 2988 1080 3069 taudem,
1104 2993 1139 3054 ut
1162 2987 1203 3053 ad
1224 2987 1367 3068 lingnam
1391 2986 1462 3069 ajrra

68 3142 75 3152 .
151 3093 185 3143 ¹⁸
219 3109 348 3158 manum
383 3107 475 3156 suam
510 3089 608 3168 misit,
642 3090 768 3158 radices
797 3096 888 3157 tanto
920 3095 1058 3158 extraxit
1087 3093 1266 3171 conamine,
1296 3097 1334 3156 nt
1364 3091 1463 3156 nimio

219 3196 331 3260 dolore
364 3199 498 3261 coactus
531 3195 704 3261 clamorem
740 3195 910 3262 maximam
952 3197 1105 3264 sacerdos
1147 3199 1322 3263 emitteret.
1382 3195 1462 3262 iiico

219 3305 295 3383 pust
321 3299 497 3367 salutarem
531 3305 653 3366 tactum
687 3303 837 3384 martyris
867 3305 933 3367 tam
963 3301 1106 3383 graviter
1128 3301 1206 3368 laeso
1229 3306 1322 3367 tanta
1344 3300 1463 3368 divina

219 3403 354 3486 pietatis
373 3403 507 3470 ubertas
530 3403 631 3483 alluit,
659 3411 696 3470 ut
724 3405 803 3470 nihil
833 3405 962 3472 omnino
991 3423 1107 3488 passus
1136 3406 1319 3472 videretur:
1352 3405 1464 3487 lingua

219 3509 358 3590 reddite,
381 3507 471 3575 tibia
501 3517 634 3586 sanatae,
665 3509 750 3576 oculi
771 3509 915 3576 restituti
942 3517 975 3578 et
995 3509 1078 3593 loca,
1102 3529 1175 3593 qua
1198 3511 1328 3577 fuerant
1350 3510 1462 3576 ruine·

154 3629 188 3676 ao
222 3619 294 3680 rata
316 3613 367 3680 vel
390 3613 478 3694 lasa,
502 3615 743 3697 integerrimam
766 3618 1138 3699 receperesospitatem.
1183 3615 1218 3680 ln
1238 3619 1462 3694 argumentum

221 3725 341 3795 tamen,
374 3717 461 3800 quod
483 3718 570 3785 oculi
592 3718 721 3785 inerant
754 3721 849 3799 eruti,
882 3721 1039 3786 remansit
1071 3721 1103 3784 in
1136 3721 1301 3804 palpebris
1331 3719 1464 3786 cicatrix

222 3821 382 3890 canarno.

305 3953 349 3994 rx.
394 3925 540 4007 Contigit
560 3933 673 3994 sancto
704 3927 811 3994 adhuc
839 3929 969 3996 virente
999 3929 1030 3995 ln
1061 3947 1167 4010 carne,
1201 3931 1288 4012 qnod
1323 3931 1463 4013 quadarn

223 4031 276 4098 die
300 4030 460 4098 dominica
482 4031 644 4111 gloriosus
677 4050 734 4098 rex
760 4033 881 4100 Olarus
912 4034 1067 4116 virgulam
1090 4035 1186 4117 forte,
1208 4035 1262 4102 ubi
1287 4037 1464 4117 residebat,

293 4219 358 4272 ’ira
382 4223 681 4286 propter-devenissent
703 4224 763 4286 mgl.
783 4223 870 4288 llbeg.
924 4219 1093 4276 ’racematur
1111 4225 1150 4276 ira
1173 4227 1283 4291 donique
1305 4227 1347 4283 tt..
1368 4223 1395 4286 9)
1417 4226 1465 4276 lrar

222 4311 314 4374 leag:
334 4309 408 4360 Hunc
425 4323 469 4374 per
487 4311 575 4360 merita
593 4310 657 4362 beati
677 4313 744 4376 rogis
762 4323 788 4362 et
805 4315 921 4376 martyris
942 4313 1014 4366 Olari
1034 4324 1060 4366 et
1080 4329 1112 4390 cx
1133 4314 1390 4376 gratiadosuClrriati
1409 4315 1465 4364 nni·

223 4413 295 4450 versa
313 4398 418 4448 ccclesia
435 4398 546 4461 aJ'usdam
564 4399 676 4461 regionis
692 4400 792 4450 nouerit
810 4398 837 4462 (l)
856 4403 968 4466 pristina
985 4403 1088 4452 sanitati
1109 4403 1260 4452 restitutum.

307 4559 361 4645 lx]
377 4565 461 4628 Hom.
479 4569 621 4628 too-5⁷
634 4565 704 4643 (rx),
725 4571 783 4649 leg.
794 4571 875 4650 Saga
889 4575 957 4648 110,
970 4573 1020 4634 Sa.
1033 4573 1106 4650 Lag.
1121 4573 1192 4645 sto,
1205 4571 1295 4632 Hslrr.
1317 4573 1410 4632 462-
1424 4573 1463 4631 63

226 4653 351 4748 (illatas.
377 4694 402 4734 o.
429 4665 511 4749 186).
558 4671 670 4734 Snorre
701 4677 830 4738 omtaler
859 4679 957 4761 danne
980 4677 1177 4756 Regirenhed
1198 4673 1280 4752 (meu
1302 4675 1375 4738 ikke
1399 4693 1465 4738 som
