3640 5342
1376 341 1438 405 265

202 529 302 598 Jaaus
325 527 485 610 Christus,
513 534 612 610 atquo
640 527 692 594 hio
719 526 828 594 verbio
859 544 931 591 anm
959 524 1097 592 rotatur:
1128 521 1219 604 Vani,
1244 523 1363 590 dilteto
1385 523 1439 604 mi,

203 633 316 718 toeipo
338 633 507 712 eoronam
540 650 637 714 qnam
662 631 722 698 tibi
749 630 931 714 preparari
954 631 986 695 in
1008 630 1175 696 rotimum.
1220 628 1292 706 Qua
1314 625 1439 694 uisidne

203 738 415 818 confortatus,
449 737 604 820 martyrio
631 755 667 802 so
694 736 788 801 letus
817 735 945 814 obtulit
972 736 1039 816 jain
1073 733 1228 799 divinitus
1256 732 1439 814 agndseens

203 844 322 912 soalom
357 843 418 909 sibi
451 842 493 908 ad
526 841 628 908 ooelos
658 840 809 919 erectam,
840 859 936 922 quam
964 857 1068 920 nuper
1096 839 1128 903 in
1156 837 1277 902 somnis
1304 837 1439 914 viderat,

154 957 170 1004 ὅ
204 967 264 1033 por
284 965 381 1030 quarn
412 947 453 1012 ad
480 964 626 1028 magnum
648 945 737 1012 illam
761 943 999 1011 multitudinem
1024 941 1205 1009 dulcedinis
1230 941 1346 1007 divinae
1368 940 1439 1007 ieli-

205 1053 286 1122 oiter
318 1057 389 1117 erat
422 1049 626 1116 ascensurus.
669 1050 762 1115 Anno
793 1049 891 1131 igitur
918 1048 1050 1115 Ddrnini
1080 1045 1251 1113 millesimo
1279 1044 1439 1126 vigesimo

205 1155 332 1238 oetduo,
364 1175 425 1239 per
457 1155 615 1238 quosdam
650 1153 847 1220 domesticos
879 1151 1028 1220 homines
1056 1151 1232 1233 inprobos,
1266 1170 1286 1215 a
1314 1147 1440 1215 Caudio

204 1263 294 1343 Rege
315 1260 453 1344 pecunia
475 1258 656 1341 corrdptos,
680 1259 868 1342 oppressus,
902 1259 943 1324 de
971 1256 1089 1323 oaatrr'o
1117 1255 1160 1321 nd
1181 1253 1305 1337 palatia
1327 1253 1441 1320 aeterni

204 1365 314 1449 Regis,
348 1370 383 1432 et
415 1364 455 1430 de
481 1363 566 1429 bollo
595 1362 747 1446 migrarit
767 1363 808 1428 ad
829 1380 953 1445 paoem.
998 1359 1098 1444 Cujus
1121 1358 1330 1426 sanctitdtem
1351 1359 1440 1424 Deua

142 1478 173 1521 1⁰
206 1473 442 1557 postmortem
466 1469 536 1552 ejus
560 1467 671 1534 multis
695 1466 875 1535 declartvit
897 1465 1070 1534 miraculis.

290 1583 373 1660 neap.
418 1581 505 1642 Stolo
522 1580 734 1657 juounditdlia.

647 1789 689 1856 In
710 1792 804 1856 tertio
824 1789 997 1856 Nootoroo.

293 1943 407 2010 Lectio
429 1941 536 2009 sancti
557 1939 724 2022 Evangelii
747 1939 927 2006 secundum
950 1939 1151 2005 Mattbaeum.

293 2047 328 2112 L.
352 2045 500 2112 vlt—lx
522 2045 717 2126 (adeladea).

294 2161 342 2218 nd
362 2159 523 2219 Bmodiotua
543 2167 600 2216 ont.
643 2156 796 2234 Egressus
820 2183 859 2194 -
882 2155 1002 2216 fruetus
1025 2175 1063 2199 ==
1084 2175 1115 2230 p.
1140 2152 1313 2213 23617-20.

718 2349 760 2413 In
780 2349 817 2430 ii.
847 2346 937 2430 Veop.

295 2509 344 2570 Ad
363 2510 522 2585 Mopoidoot
541 2517 597 2568 ont.
641 2505 740 2566 Hodie
764 2533 802 2548 -·
825 2525 944 2568 omnem
966 2525 1089 2565 aeneum
1112 2526 1150 2552 =
1174 2525 1204 2582 p.
1228 2498 1399 2566 2381345.

459 3220 491 3286 F.
537 3219 600 3284 Fra
622 3216 889 3284 nnuvmnwn
913 3215 1205 3285 snusvlcnttsu.

366 3403 419 3470 De
439 3423 466 3469 a.
493 3401 593 3468 Oiooo
615 3405 714 3466 totum
733 3402 771 3467 de
791 3420 856 3466 ono
878 3398 1028 3484 Martyre
1052 3397 1115 3464 IX.
1141 3400 1300 3467 lectiones.

148 3582 181 3628 ao
301 3563 368 3622 eod.
411 3559 495 3620 Deua
517 3589 557 3601 -
579 3561 740 3638 peruenire
763 3581 802 3607 ε·
823 3579 853 3637 p.
879 3557 1053 3620 mist-²².

299 3657 409 3723 Lectio
427 3657 546 3738 priene.
591 3654 761 3723 Gloriosus
784 3675 841 3722 rer
863 3657 975 3723 olavus
998 3657 1040 3723 ad
1060 3654 1157 3722 fidam
1181 3655 1294 3723 ebriati
1317 3658 1349 3722 in
1378 3673 1453 3738 ong-

214 3764 261 3831 lio
282 3766 333 3830 est
355 3777 544 3828 conversus:
568 3760 631 3826 Sed
655 3759 839 3840 rothomagi
861 3760 1056 3844 baptismum
1077 3762 1211 3848 sucepit.
1257 3760 1319 3839 Qui
1341 3760 1455 3827 statim

215 3867 342 3936 terrore
364 3863 440 3931 fidei
463 3864 680 3947 apostolieum
703 3879 835 3929 sumens
859 3861 1010 3944 officium,
1030 3864 1128 3932 fidem
1151 3865 1270 3932 Christi
1295 3867 1327 3930 in
1351 3866 1454 3931 diver-

217 3971 263 4039 sia
284 3968 433 4054 partibus
461 3967 657 4051 predicavit:
687 3967 954 4033 innumerabilem
983 3969 1221 4036 multitudinem
1251 3969 1380 4035 domino
1403 3989 1455 4036 ao·

149 4097 182 4146 aa
217 4073 358 4158 quioirit.
404 4072 469 4140 Sed
499 4091 518 4138 e
547 4089 702 4140 converso
731 4072 763 4137 in
795 4089 896 4152 ragno
918 4071 1080 4154 Norregie
1103 4091 1122 4138 a
1144 4073 1337 4154 quibusdam
1360 4073 1454 4139 malin

216 4175 335 4242 multas
357 4175 494 4258 pertulit
519 4175 769 4242 tribulationes:
799 4176 902 4240 donee
932 4165 1042 4241 eorum
1073 4176 1273 4244 multitudini
1299 4177 1456 4244 resistere

217 4296 281 4347 non
313 4279 441 4346 rolens:
476 4279 614 4346 secessit
647 4279 694 4346 eis
727 4279 859 4346 ruciam.
914 4279 977 4345 Ubi
1007 4297 1027 4346 a
1055 4297 1132 4362 rege
1168 4279 1257 4347 illiue
1289 4281 1455 4363 provincio

216 4380 393 4449 bonorifioe
416 4387 467 4449 est
486 4386 638 4465 receptus
662 4388 697 4448 et
716 4402 776 4466 per
798 4387 927 4464 ternpus
950 4382 1082 4465 aliquod
1103 4383 1148 4449 ibi
1172 4384 1299 4450 mansit.

303 4485 410 4551 Leotrb
430 4485 465 4569 ij.
509 4486 636 4554 Deinde
659 4485 768 4552 divino
790 4487 948 4553 instinctu
970 4505 1030 4569 per
1054 4487 1168 4554 Sveoie
1196 4487 1279 4554 fines
1308 4487 1455 4556 rediens:

152 4612 185 4661 ro
219 4587 340 4674 obiecit
372 4606 410 4656 ae
442 4595 559 4673 sponte
592 4588 756 4673 perieulis,
790 4597 925 4673 paratus
957 4590 1067 4659 subire
1100 4591 1288 4675 martyrium
1321 4595 1458 4679 propter
