3622 5344
1371 341 1432 404 eet

197 520 388 589 commendo
407 521 559 605 spiritum
581 541 699 603 meum,
721 522 866 589 lanceam
890 541 1022 605 quoque
1043 521 1138 588 lateri
1159 520 1229 588 eius
1250 519 1432 588 infixerunt.

197 627 287 693 Tunc
320 629 518 693 terremotus
551 625 657 692 lactus
691 629 742 692 ast
773 645 908 708 magnus
937 645 997 711 per
1029 630 1134 693 totam
1154 625 1243 692 illam
1266 626 1434 693 ciuitatem

197 729 364 798 Oiclestdh
395 731 443 797 ita
465 735 501 797 ut
523 731 624 797 multa
645 731 774 798 edificia
802 738 1002 798 corruerunt.
1048 732 1177 812 [Tereia
1198 749 1277 797 uero
1300 731 1354 799 die
1375 749 1434 798 uo·

196 835 327 902 luerunt
348 835 466 918 pagani
488 854 605 918 corpus
628 837 698 900 cius
721 837 922 903 comburere.
946 837 1005 902 sed
1025 837 1105 902 illud
1127 835 1282 902 intactum
1305 837 1337 901 in
1359 836 1434 917 igne

147 949 162 994 ⁵
197 940 386 1022 permansit
430 939 479 1006 De
513 941 674 1007 cineribus
708 947 818 1008 autem
850 941 934 1021 ignis
957 941 1054 1008 draco
1076 940 1231 1008 terribilis
1253 942 1353 1006 uenit.
1378 940 1435 1023 qui

197 1063 386 1127 germanum
409 1044 515 1110 sancti
537 1044 599 1109 uiri
621 1063 693 1111 cum
715 1046 826 1111 multis
846 1045 1034 1114 interiecit¹.
1065 1051 1201 1129 propter
1230 1045 1316 1128 qnod
1341 1045 1435 1111 mira·

199 1149 305 1217 culum
329 1149 423 1216 multi
446 1151 486 1216 ad
510 1149 665 1216 christum
687 1156 763 1216 snut
783 1151 944 1219 conuersi.

284 1253 323 1321 D.
355 1255 437 1320 Post
454 1260 592 1320 mortam
608 1273 688 1320 uero
707 1256 812 1322 sancti
832 1255 935 1322 Olaui.
959 1255 1039 1324 dena
1061 1256 1165 1321 multe
1187 1254 1341 1322 miracula
1362 1255 1434 1321 eius

199 1360 323 1428 meritis
341 1365 496 1442 operatus
515 1363 566 1426 eat
596 1360 727 1426 Accidit
741 1361 827 1426 enim
843 1367 1018 1444 postquem
1036 1377 1154 1444 corpus
1167 1361 1238 1428 eius
1251 1361 1435 1443 depositum

131 1471 165 1516 10
201 1469 273 1532 tirsi
294 1465 335 1532 de
358 1483 453 1530 cruce
485 1476 520 1531 ut
552 1491 571 1531 n
603 1475 749 1535 ministris
777 1473 933 1552 regalibus
963 1476 1129 1534 leuaretur.
1161 1479 1193 1532 ιι
1221 1475 1360 1550 proiecta
1387 1477 1437 1533 eat

199 1597 280 1656 aqna
300 1581 395 1637 mixta
419 1579 568 1654 sanguine
590 1583 662 1637 ante
685 1582 797 1639 ostium
821 1580 940 1639 damus.
984 1578 1082 1640 Oecna
1106 1583 1207 1638 sutem
1225 1577 1350 1656 qnidam
1368 1577 1440 1639 inde

198 1685 354 1745 transiens
377 1683 543 1759 proiapens
578 1688 627 1743 ιιι
659 1684 690 1741 in
719 1684 819 1746 lacum
851 1686 904 1762 qni
926 1684 1026 1744 adhuc
1050 1703 1088 1744 ex
1108 1685 1267 1762 taliaque
1287 1682 1441 1744 madebat.

198 1790 326 1866 dunque
356 1788 470 1864 digitos
499 1807 572 1848 snos
601 1787 789 1848 madefactos
812 1789 919 1848 eadem
942 1808 1023 1868 aque
1044 1788 1083 1848 ad
1112 1789 1219 1848 οιιιιοι
1249 1807 1321 1848 auce
1351 1789 1441 1849 redu

200 1896 307 1955 nisset.
329 1877 406 1952 ilica¹
419 1892 544 1952 ιιιιιιιι
561 1893 689 1969 caligine
711 1879 814 1954 iumen
833 1896 998 1971 pristinum
1019 1896 1148 1972 recepit.
1193 1891 1363 1972 Obstupuit
1385 1895 1442 1971 igi·

134 2007 167 2054 ιι
201 2003 254 2059 ιιι·
275 1999 472 2057 uehementer
491 1998 523 2057 in
554 1997 730 2074 quatiebat
760 1999 936 2058 miraculum
967 2004 999 2058 ιι
1021 1998 1059 2058 de
1082 1999 1169 2058 caina
1192 2000 1340 2077 sanguine
1362 2017 1443 2076 aque

200 2121 346 2181 nuperae
365 2103 478 2162 inisset
501 2105 615 2162 certine
637 2104 810 2180 explorans.
835 2121 869 2164 ae
891 2123 949 2181 pec
970 2105 1080 2163 merita
1099 2104 1184 2164 beati
1202 2105 1321 2162 martiri
1340 2105 1443 2164 ιίιιιιιι

201 2209 357 2286 recepisse
385 2208 555 2268 certissime
582 2209 735 2284 cognonit.
786 2209 890 2268 Mirati
913 2212 986 2270 ennt
1007 2227 1112 2268 omnes
1137 2209 1189 2286 qni
1211 2208 1385 2268 andierunt.
1410 2213 1443 2268 et

203 2312 355 2374 domiuum
375 2314 406 2373 in
430 2330 489 2372 auc
511 2315 636 2372 martire
659 2313 918 2389 glorificauerunt.
963 2312 1100 2390 Contigit
1123 2332 1245 2392 quoqne
1275 2304 1319 2390 [in
1354 2313 1444 2373 dacia

198 2409 244 2478 Ιιιι·
258 2409 339 2476 nilla
368 2410 402 2476 in
434 2429 499 2493 qna
528 2425 656 2476 sacrum
686 2429 804 2494 corpus
835 2411 906 2478 eius
935 2415 986 2477 est
1008 2407 1189 2494 sepultum
1211 2418 1296 2494 qnod
1318 2419 1443 2496 qnidam

136 2529 169 2576 ²⁰
202 2522 292 2584 miles
314 2521 470 2582 maliciose
500 2542 535 2582 ac
564 2522 717 2582 inuidioee
746 2521 925 2583 detraheret
945 2524 1101 2584 miraculis
1124 2525 1222 2584 sancti
1244 2524 1388 2584 martiris.
1412 2527 1445 2583 et

203 2627 253 2690 hic
270 2627 407 2688 habebat
434 2627 575 2688 ancillam
603 2647 641 2685 ex
669 2630 824 2705 norwegia
850 2634 952 2688 ιιιιιιιι
973 2629 1013 2688 de
1035 2630 1113 2690 uilla
1133 2630 1233 2689 sancti
1256 2627 1346 2689 Olani
1367 2628 1443 2688 mul·

203 2737 268 2793 tum
291 2732 468 2810 diligentem
491 2737 631 2792 sanctum
652 2734 816 2792 martirem.
866 2733 989 2794 Accidit
1010 2736 1105 2810 igitur
1125 2737 1161 2794 ut
1182 2736 1212 2794 in
1237 2734 1286 2794 die
1309 2734 1444 2812 predicti

202 2839 337 2900 martiris
365 2837 448 2898 idem
475 2837 561 2896 miles
589 2836 707 2896 inuidia
739 2843 846 2898 contra
877 2840 1032 2898 martirem
1060 2839 1175 2900 domini
1198 2843 1367 2901 commotus
1391 2857 1443 2898 an·

203 2944 273 3005 cille
296 2945 473 3022 preciperet
494 2949 530 3004 ιιι
551 2962 647 3021 panea
671 2943 731 3003 eibi
751 2945 784 3002 in
807 2943 926 3004 clibano
949 2950 1108 3023 coqueret.
1142 2944 1199 3006 cur
1221 2945 1334 3004 ancille
1356 2943 1442 3004 dixit

136 3050 169 3098 2⁶
203 3049 302 3112 Hadia
335 3053 385 3109 eet
412 3049 479 3110 dies
507 3049 604 3108 sancti
628 3047 715 3108 Oiaui
737 3050 880 3109 martiris.
908 3054 940 3108 et
968 3051 1116 3110 festinare
1138 3068 1185 3108 me
1208 3052 1342 3128 oportet.
1387 3048 1443 3110 (ini

204 3155 292 3214 miles
314 3153 485 3232 respondit.
529 3153 596 3214 Nisi
624 3155 737 3214 feceris
765 3153 850 3230 quod
878 3154 1064 3216 mandauero
1091 3155 1149 3215 n‘ti
1171 3156 1276 3215 taliter
1297 3159 1328 3214 te
1352 3156 1443 3214 casti·

205 3259 295 3336 gebo.
319 3258 403 3335 quod
423 3279 576 3337 nunqnam
599 3261 644 3318 ite
665 3261 816 3336 castigate
836 3260 943 3320 fueris.
979 3259 1068 3333 Quod
1090 3261 1144 3319 illa
1165 3261 1313 3328 audiens..
1326 3261 1444 3320 iussum

206 3361 273 3421 eius
304 3363 377 3421 iicet
411 3365 507 3424 inuita
539 3365 706 3440 compleuit
735 3368 766 3422 et
795 3383 886 3424 orans
907 3362 1031 3423 beatum
1053 3364 1153 3423 Olann
1177 3365 1263 3424 dixit.
1308 3364 1333 3423 0
1357 3384 1444 3425 sanc·

206 3467 324 3526 tissime
347 3469 452 3525 martir
474 3467 578 3526 Olane.
603 3470 629 3526 ai
651 3472 735 3527 tante
755 3468 881 3527 uirtutis
904 3487 939 3527 ac
960 3470 1125 3545 potestatis
1148 3488 1182 3528 ea
1205 3487 1307 3529 coram
1329 3468 1387 3527 deo
1409 3473 1445 3530 ut

140 3585 173 3633 ιο
207 3569 297 3631 nobis
320 3569 440 3630 dicitur.
463 3575 537 3630 tunc
563 3572 611 3630 iac
637 3572 699 3631 tale
722 3573 841 3650 signnm
863 3574 923 3631 iam
945 3577 979 3632 ut
1002 3575 1165 3633 curiatius
1188 3574 1316 3651 pessimi
1338 3573 1443 3634 militie

208 3677 259 3752 qni
281 3678 399 3734 tantum
420 3679 451 3733 te
475 3675 542 3734 odit
559 3695 577 3734 a
593 3694 650 3734 ena
671 3676 789 3735 duricia
811 3681 843 3736 ιι
864 3677 984 3736 malicia
1006 3682 1212 3738 concertatur.
1262 3678 1371 3739 Statim
1393 3698 1464 3757 ιιιε

206 3783 268 3839 tem
301 3784 335 3838 ut
366 3779 421 3839 ilia
453 3782 621 3839 orationem
655 3780 873 3856 compleuerat.
907 3783 993 3842 miles
1025 3781 1151 3842 effectus
1182 3789 1230 3844 est
1261 3803 1360 3842 cecus.
1405 3783 1447 3843 Et

205 3903 303 3962 panea
332 3887 475 3944 conuersi
503 3890 576 3944 aunt
603 3887 635 3944 in
665 3883 796 3960 lapidea.
842 3876 936 3955 Quod
959 3877 1053 3944 miles
1075 3879 1131 3946 ille
1154 3879 1289 3948 audiens
1312 3898 1446 3947 conuer-

206 3997 263 4050 ιιι
284 3987 335 4048 ιιι
367 3987 400 4050 ιι
430 3986 577 4048 sanctum
601 3981 740 4048 Olenum
763 3987 834 4048 tote
868 3983 967 4050 corde
997 3983 1153 4050 inuocans
1177 3984 1218 4051 ad
1239 3984 1446 4068 sepulchrum

140 4103 172 4152 ιι
208 4087 279 4154 ιιιι
301 4088 443 4153 ιιιιιιιι
464 4087 659 4170 promittens
690 4085 735 4171 [ei
756 4091 916 4170 perpetue
938 4089 1073 4154 seruire.
1096 4093 1130 4155 et
1151 4088 1296 4170 uigiliam
1319 4091 1389 4156 eine
1412 4089 1447 4157 in

208 4209 292 4273 pane
321 4197 356 4257 et
383 4209 470 4273 aqna
496 4191 650 4257 ieiunare.
695 4190 878 4276 Statimque
900 4195 1007 4258 nisum
1029 4191 1179 4276 cacapite
1223 4199 1321 4261 Panes
1345 4207 1446 4263 antam

277 4443 415 4498 ‘Tandem
437 4449 515 4498 tertia
535 4448 577 4502 dia
598 4447 702 4500 volebat
727 4465 818 4514 carpus
841 4451 895 4518 ajns
914 4451 1074 4512 comburam
1101 4465 1193 4514 corpus
1216 4456 1301 4502 ausam
1322 4452 1447 4504 intactum

207 4535 239 4586 ab
259 4535 318 4600 igne
335 4537 486 4600 permansit:
505 4536 550 4586 sed
577 4537 608 4587 de
634 4537 761 4588 cineribus
784 4537 851 4602 ignis
878 4540 950 4590 seuit
975 4539 1052 4590 draeo
1079 4537 1211 4605 terribilis,
1239 4540 1282 4604 qni
1299 4555 1446 4604 ςιιιιιιιιιιιι

207 4621 282 4676 Oisri
300 4639 356 4676 enm
374 4621 492 4689 pluribus
509 4623 645 4680 iuterlaeit.
680 4623 748 4680 Ultr.
784 4625 874 4680 'saal
893 4641 971 4691 nassa
988 4623 1057 4681 Uitr.
1092 4623 1181 4681 ⁸sas1.
1201 4641 1279 4694 cgsaa
1296 4626 1363 4680 Uita.
