3622 5344
1366 325 1428 390 273

188 512 366 580 licentiam.
415 511 452 576 In
479 510 543 577 illis
564 511 690 594 legibus
715 508 827 589 claret,
851 526 945 592 qvam
968 507 1126 590 benignus
1150 524 1228 589 erga
1249 507 1428 590 proximum

190 619 258 685 Rex
280 617 441 700 gloriosus
464 616 619 683 extiterit.

275 723 381 788 Lectio
406 720 427 786 1
434 719 467 786 V.
522 721 687 803 Explioari
728 719 836 787 uerbis
869 736 933 784 non
966 722 1086 801 potest,
1120 721 1242 799 quanta
1274 715 1430 784 beneficia

189 827 320 911 populis
341 826 406 892 illis
429 827 498 892 Rex
520 825 796 909 saepenominatus
827 822 975 904 contulit,
1004 823 1170 907 qvnnmm¹
1202 821 1326 905 profuit
1355 821 1429 889 dnm

139 943 155 986 ὁ
189 931 321 1018 praefuit
353 935 388 998 et
419 930 451 997 in
487 931 693 997 multitudine
721 930 827 1010 legum
852 932 886 995 at
907 929 940 994 in
964 928 1228 995 substentatione
1251 945 1429 1010 pauperum

110 1073 111 1076 π
191 1043 225 1104 ct
246 1035 441 1103 assiduitate
462 1032 722 1118 predicationis²
744 1040 778 1100 et
801 1033 949 1117 exemplo
972 1051 1039 1100 sum
1061 1032 1274 1100 sanctissimae
1296 1051 1430 1101 conver·

191 1141 338 1209 sationis.
383 1140 448 1207 Sed
471 1159 489 1207 e
512 1159 669 1208 converso
691 1156 867 1223 perpessus
892 1143 943 1204 est
966 1138 1005 1204 ab
1030 1139 1078 1207 eis
1100 1137 1330 1206 tribulationes
1349 1140 1431 1206 mul·

191 1252 243 1314 tas
272 1251 306 1314 et
333 1246 444 1322 malas,
476 1245 583 1312 donec
604 1245 733 1312 illorum
757 1243 956 1310 multitudini
978 1243 1135 1310 resistere
1157 1261 1221 1309 non
1245 1245 1356 1312 valens
1379 1264 1431 1312 ae-

192 1352 294 1420 cessit
325 1353 357 1417 in
386 1351 548 1432 Rosciam,
583 1355 777 1432 oportunum
810 1353 901 1413 ratus
931 1346 1046 1414 eadere
1075 1351 1225 1432 tempori,
1249 1349 1355 1416 donec
1375 1367 1432 1416 ro·

127 1462 159 1508 ¹⁰
192 1457 312 1524 luntati
335 1473 403 1522 sum
430 1473 469 1520 aa
490 1456 658 1538 proposito
681 1458 812 1536 tempus
834 1454 986 1520 idoneum
1009 1451 1168 1520 Dominus
1192 1447 1340 1520 conferre
1363 1455 1432 1537 dig·

192 1567 335 1628 noratur.
389 1559 516 1628 Nemini
549 1559 659 1625 veniat
684 1561 716 1624 in
741 1566 892 1638 mentem,
915 1558 1125 1624 lentissimum
1150 1563 1184 1625 et
1206 1560 1434 1626 constantissi·

193 1684 281 1733 mum
304 1663 423 1730 Christi
451 1665 618 1746 athletam,
647 1669 684 1730 ut
714 1670 768 1730 est
794 1663 991 1730 infirmitatis
1015 1662 1172 1744 humanae,
1197 1663 1336 1730 cessisse
1358 1682 1433 1747 per·

194 1772 343 1838 territum
379 1775 467 1836 matu
499 1771 672 1851 passionis,
706 1769 758 1850 qvi
791 1767 1033 1850 saepanumero⁸
1063 1769 1211 1850 passioni
1244 1786 1280 1834 se
1314 1775 1433 1853 sponte

196 1877 369 1961 objecerat,
396 1875 481 1940 sicut
502 1873 549 1939 rei
573 1875 678 1939 exitus
703 1878 736 1938 et
756 1873 860 1955 ipsius
882 1873 1011 1939 illustre
1032 1874 1220 1956 martyrium
1242 1873 1430 1942 declaravit.

129 1983 161 2029 ¹⁶
197 1982 338 2050 Utilitati
367 1980 503 2046 aliorum
535 1978 738 2061 oportuniori
766 1996 801 2042 se
824 1979 1002 2044 reservavit
1023 1979 1163 2061 tempori
1187 1979 1327 2061 qvando⁴
1349 1979 1435 2046 lruc·

196 2095 249 2154 tus
289 2085 458 2154 uberiores
498 2083 651 2150 exhibere
687 2082 825 2148 Domino
865 2089 899 2148 et
935 2083 1094 2150 talentum
1128 2084 1191 2150 sibi
1227 2085 1434 2150 commissum

88 2253 100 2274 ,
198 2191 367 2274 multiplici
390 2190 557 2270 resignare
579 2191 695 2270 posset
716 2205 788 2252 eum
811 2203 920 2252 usura.

282 2297 391 2362 Lectio
420 2293 456 2360 V.
500 2292 709 2358 Clarissimus
732 2292 832 2372 igitur
848 2289 965 2356 Christi
986 2295 1107 2374 martyr
1125 2292 1245 2358 Olenus
1267 2293 1436 2375 ingressus

198 2400 361 2482 Rosciam,
392 2419 412 2466 a
437 2396 603 2466 Jacellavo
625 2396 771 2480 ejusdem
794 2396 968 2479 provincia
990 2396 1079 2476 Rege
1103 2396 1272 2478 magnifico
1294 2398 1436 2480 gloriose

131 2521 164 2566 2⁰
200 2510 371 2589 susceptus
405 2509 439 2570 et
470 2505 502 2568 in
536 2502 662 2567 honora
692 2499 895 2583 amplissimo
923 2502 1074 2582 quamdiu
1102 2503 1146 2568 ibi
1176 2503 1296 2568 morari
1324 2503 1436 2584 noluit,

199 2612 329 2678 babitus
363 2613 422 2676 est.
476 2607 541 2674 Ubi
571 2623 635 2671 non
667 2621 767 2688 parvo
790 2609 938 2686 ternpore
960 2605 1145 2671 demoratus
1167 2607 1339 2676 honestam
1361 2608 1437 2674 rita

199 2717 335 2782 lormam
360 2719 394 2780 et
422 2731 490 2778 sum
520 2710 697 2792 religionis
726 2710 881 2790 caritatis,
903 2709 1114 2790 benignitatis
1137 2716 1171 2776 et
1191 2712 1360 2794 patientiae
1383 2733 1436 2781 ce·

199 2820 290 2887 labra
317 2818 551 2884 monimentum
581 2815 696 2880 ineolis
726 2813 865 2895 reliqvit,
920 2814 1067 2898 Denique
1091 2815 1246 2882 decoctus
1268 2817 1343 2898 igne
1363 2837 1437 2900 per·

200 2923 376 2992 secutionis
394 2927 427 2987 at
444 2921 531 2988 exilii
551 2926 585 2986 et
606 2917 818 3002 acceptabilis
840 2918 990 2984 inventus
1012 2923 1047 2992 et
1068 2919 1215 3001 idoneus,
1239 2923 1292 3004 qvi
1315 2923 1439 3006 majora

133 3039 165 3086 2⁵
201 3027 378 3096 certamina
399 3032 513 3109 posset
534 3025 698 3092 sustinere
722 3023 829 3090 divino
852 3023 1030 3106 inspiratus
1053 3025 1217 3107 instinctu,
1240 3046 1300 3110 per
1315 3027 1439 3096 Suscita

201 3133 281 3200 finos
314 3133 356 3200 ad
390 3133 523 3214 propria
551 3129 717 3197 remcavit.
770 3128 834 3194 Ubi
868 3128 988 3194 collata
1016 3129 1078 3195 sibi
1104 3149 1123 3194 a
1145 3131 1285 3199 Domino
1315 3133 1439 3200 babon-

202 3239 350 3304 dantiora
379 3238 492 3317 gratia,
515 3255 535 3302 a
558 3235 667 3300 multis
691 3252 762 3300 cum
788 3250 902 3314 magno
925 3237 1098 3316 susceptus
1123 3235 1296 3316 desiderio,
1319 3239 1440 3318 gratio·

203 3358 259 3406 sus
289 3345 324 3406 et
353 3339 506 3422 optabilis
528 3339 631 3419 bonis,
660 3338 822 3405 verendus
847 3343 881 3402 et
903 3338 1059 3404 terribilis
1084 3340 1236 3420 apparuit
1258 3357 1338 3407 sane
1361 3341 1441 3409 doc·

202 3445 295 3510 trinae
326 3442 530 3508 adversariis.
567 3443 714 3510 ⁵lndutus
736 3443 836 3525 igitur
862 3443 964 3508 lorica
986 3441 1062 3508 fidei
1084 3447 1118 3509 et
1140 3443 1305 3511 accinctus
1328 3445 1439 3528 gladio

137 3571 169 3616 eo
206 3548 341 3631 spiritus
364 3546 449 3630 qvod
472 3551 523 3611 est
543 3544 677 3611 verbum
700 3547 771 3627 Dei,
799 3566 859 3630 per
879 3546 1014 3613 iniamia
1036 3553 1070 3613 et
1092 3547 1210 3614 bonam
1233 3549 1361 3631 lamam,
1384 3569 1444 3633 per

203 3652 338 3736 gloriam
372 3654 407 3717 et
437 3649 685 3732 ignobilitatem,
717 3669 777 3732 per
809 3669 898 3717 arma
916 3652 1054 3734 justitiae
1077 3673 1097 3718 a
1119 3654 1242 3720 dextris
1267 3658 1302 3721 et
1323 3674 1344 3721 a
1365 3656 1442 3721 sini·

203 3759 290 3838 stris,
324 3760 437 3824 orator
470 3754 619 3835 egregius
641 3751 718 3819 fidei
741 3753 873 3818 verbum
898 3761 1088 3823 constanter
1109 3760 1226 3842 ubique
1249 3761 1282 3826 in
1306 3760 1360 3828 via
1381 3762 1442 3827 Dei

205 3860 453 3941 disseminabat,
480 3861 614 3941 paratus
643 3874 703 3940 pro
726 3856 856 3922 Christo
885 3859 954 3941 pati
984 3862 1145 3942 quaslibet
1170 3865 1443 3947 persecutionem,

186 3965 382 4051 ¹objiciebat
408 3984 443 4030 se
472 3968 588 4046 sponte
616 3962 780 4045 periculis,
811 3964 997 4045 martyrium
1027 3982 1064 4032 se
1087 3967 1156 4032 Deo
1180 3968 1362 4051 placuisset
1389 3988 1443 4036 su·

138 4091 170 4136 aa
205 4074 330 4155 scipere
352 4088 416 4136 non
439 4085 603 4135 recusans.

288 4176 397 4242 Lectio
428 4173 478 4239 VI
488 4173 509 4238 ⁷.
553 4172 597 4238 Et
618 4173 767 4254 qvoniam
791 4172 906 4254 dignus
931 4179 980 4238 ast
1003 4177 1172 4256 operarius
1196 4177 1347 4245 mercede
1369 4196 1439 4260 sua,

205 4281 336 4347 tandem
359 4279 499 4345 Domino
528 4277 651 4360 placuit
679 4279 860 4360 agonistam
889 4294 981 4343 suum
1010 4277 1051 4346 de
1081 4297 1213 4348 carcere
1236 4282 1341 4348 carnis
1364 4283 1442 4349 edu·

276 4519 357 4588 ¹„ita
374 4523 424 4582 aaa
443 4519 543 4584 corrige
560 4515 696 4583 qnantum“
715 4517 757 4582 (Δ.
775 4517 831 4583 lt).
873 4519 949 4569 'her
965 4519 1095 4587 begynder
1112 4520 1140 4574 0.
1193 4518 1250 4574 ⁸0.
1267 4535 1439 4587 rapemnnaro

206 4610 237 4665 Δ.
272 4607 419 4675 ‘qvoniam
437 4608 464 4664 G.
501 4605 722 4674 ‘barbagynder
740 4605 898 4662 amau.
934 4605 1073 4672 ‘mglb
1108 4606 1264 4744 ²Ia.V}18i
1284 4611 1312 4661 G.
