3668 5348
363 346 404 409 54
789 343 989 400 rsuonmct
1004 343 1171 400 MOMGHI

447 527 564 594 Nonne
590 525 690 594 etiam
716 525 829 596 infelix
849 525 984 594 ambitio
1008 525 1151 609 impulit¹
1178 527 1407 610 Domitianum,
1437 527 1601 598 bominum

364 631 631 700 scelestissimum
654 637 688 696 et
710 632 946 713 quodammodo
970 632 1107 700 alterum
1135 633 1306 714 Neronem,
1327 633 1478 700 insidiari
1506 651 1602 716 sang·

364 737 431 805 uini
464 735 574 803 iratris
601 737 652 803 sui
674 719 760 804 'Titii
803 736 866 802 Hic
895 736 987 802 Titus
1012 754 1080 819 prae
1102 738 1263 804 suauitate
1286 755 1408 804 morum
1432 741 1466 804 et
1486 737 1603 804 inolita

299 827 307 843 ’
363 842 511 909 bonitate
533 841 638 909 dictus
673 847 724 908 eat
750 841 911 908 delitiae
940 841 1096 906 humani
1119 843 1289 924 generis,
1311 848 1345 909 et
1367 861 1438 909 cum
1462 827 1602 924 quodam

365 947 418 1014 die
441 944 730 1034 advesperascente
756 945 1019 1012 reminisceretur
1051 962 1087 1010 se
1120 947 1241 1012 nemini
1273 948 1444 1032 quicquam
1478 965 1518 1014 eo
1549 947 1601 1014 die

364 1048 514 1118 beneficii
533 1048 754 1132 impendisse,
774 1068 813 1116 eo
832 1049 921 1132 quod
940 1050 1048 1117 nullus
1067 1048 1280 1134 postulasset,
1298 1051 1420 1118 dixisse
1438 1051 1542 1118 fertur
1561 1052 1602 1118 ad

365 1153 712 1224 commilitonessuos:
734 1155 849 1248 Hodie,
872 1154 987 1240 inquit,
1011 1155 1096 1220 diem
1119 1154 1256 1237 perdidi,
1280 1157 1357 1238 quic
1379 1156 1458 1222 nulli
1481 1157 1602 1240 aliquid

366 1258 575 1327 emolumenti
604 1259 758 1345 impendi.
807 1260 956 1326 Fratrem
989 1277 1064 1325 vero
1095 1258 1314 1326 Domitianum
1348 1261 1440 1326 suavi
1473 1261 1602 1344 eloquio

366 1364 581 1444 demulcebat,
604 1381 721 1444 rogans
746 1381 788 1430 ne
818 1380 862 1431 se.
878 1362 1028 1429 foedaret
1049 1362 1192 1442 fraterno
1216 1363 1384 1446 sanguine,
1406 1365 1438 1435 in
1459 1365 1549 1430 brevi
1572 1365 1603 1432 ei
1711 1389 1715 1398 ·

366 1469 539 1536 aucturum
568 1469 755 1551 imperium:
791 1486 853 1535 non
886 1468 1002 1537 decere
1035 1485 1107 1534 cum
1141 1486 1212 1533 curn
1244 1473 1334 1537 tanto
1367 1469 1493 1536 scelere
1522 1468 1603 1534 illud
1641 1520 1642 1527 ,

368 1590 568 1658 comparare.
613 1573 707 1654 Quod
740 1571 836 1654 (proh
868 1571 974 1654 dolor)
1008 1571 1104 1638 nimis
1134 1589 1245 1638 verum
1267 1571 1339 1652 fuit,
1361 1590 1435 1638 nam
1458 1577 1493 1638 et
1513 1572 1603 1643 Titus

365 1679 398 1744 in
427 1676 563 1759 imperio
597 1677 727 1744 biennio
754 1681 881 1743 tantum
907 1675 987 1741 vixit
1016 1673 1182 1744 et'eidem
1206 1676 1410 1742 Domitianus
1433 1679 1602 1758 successit,

367 1783 424 1866 qui
449 1783 547 1851 etiem
569 1781 633 1850 boo
659 1781 728 1848 suis
757 1779 938 1848 sceleribus
960 1779 1096 1860 addidit,
1123 1780 1211 1862 quod
1233 1781 1409 1848 secundom
1430 1801 1451 1846 a
1472 1782 1604 1849 Nerone

366 1887 630 1972 persecutionem
664 1887 698 1954 in
733 1885 928 1952 christianos
964 1884 1074 1953 movit.
1132 1885 1202 1954 lam
1240 1903 1317 1952 uero
1350 1890 1464 1954 nostra
1494 1903 1603 1969 perse

368 2008 515 2076 quamue

369 2281 447 2367 (lap.
471 2283 600 2352 XXVII.
645 2282 739 2363 Quod
772 2299 829 2348 rex
855 2281 991 2363 Magnus
1024 2301 1158 2364 regnum
1188 2236 1365 2366 Norwagim
1393 2279 1504 2348 divisit
1532 2298 1605 2348 cum

723 2393 841 2471 patruo
865 2386 961 2452 etde
984 2386 1075 2453 obitu
1097 2385 1252 2469 ejusdem.

452 2625 589 2708 Magnus
619 2643 673 2692 rex
702 2627 739 2688 ut
768 2620 1091 2690 audivitllaraldum
1118 2626 1270 2706 pebuum
1301 2639 1395 2689 suum
1417 2625 1451 2686 et
1472 2619 1607 2686 Suaino·

369 2728 459 2798 nem*
479 2729 512 2796 in
530 2729 732 2812 Nomapiam
751 2725 932 2810 proiectos⁴
953 2725 1068 2792 foedus
1091 2731 1204 2792 contra
1226 2745 1262 2792 ee
1284 2727 1404 2806 iniisse,
1429 2745 1447 2791 e
1469 2726 1606 2808 vestigio

369 2834 444 2900 illos
465 2834 632 2900 insecutus
662 2837 721 2898 est.
776 2833 819 2898 et
845 2831 892 2900 illi
926 2831 1098 2897 audientes
1128 2833 1213 2912 regis
1240 2830 1425 2906 adventum,
1456 2834 1606 2896 verantes

370 2956 543 3006 occurrere
573 2935 645 3017 illi⁵‚
677 2937 799 3005 reversi
828 2941 906 3002 sunt
932 2935 963 3001 in
988 2936 1131 3004 Daciam.
1177 2935 1395 3002 Considamus
1417 2935 1529 3015 itaque
1550 2952 1607 3000 rex

370 3042 506 3124 Magnus
538 3059 576 3109 se
605 3043 656 3108 vix
688 3059 787 3125 posse
815 3041 901 3106 tueri
924 3045 1095 3123 utrumque
1118 3058 1250 3122 regnum
1274 3039 1314 3105 ab
1338 3057 1448 3105 eorum
1472 3037 1606 3106 infesta·

370 3149 469 3227 tione,
493 3146 595 3214 missa
616 3147 782 3230 legatione
803 3145 969 3212 revocarit
990 3143 1198 3211 ιιιιιιιιιιιιιιιιι
1220 3162 1314 3210 auum
1331 3144 1519 3220 Ilaraldum‚
1534 3147 1606 3210 tra·

371 3251 451 3318 dens
476 3251 506 3318 ei
524 3251 689 3319 dimidiam
710 3253 838 3334 partem
856 3250 948 3332 regni
961 3249 1151 3331 Norwagiae,
1173 3249 1252 3316 nihil
1275 3249 1308 3314 in
1330 3255 1444 3314 mutua
1464 3248 1606 3329 recipro-

371 3354 501 3436 catione
529 3373 678 3440 poscens,
706 3359 826 3438 proetcr
848 3353 934 3436 quod
956 3371 1091 3434 regnum
1119 3358 1293 3438 utrumque
1322 3369 1394 3420 cnm
1423 3371 1464 3418 eo
1494 3352 1606 3418 delen·

260 3523 262 3530 .
370 3479 444 3528 sere
471 3459 615 3540 deberet,
644 3461 693 3527 ita
721 3465 830 3529 ιιιιιοιι
857 3463 895 3524 ιιι
922 3459 954 3524 in
981 3475 1082 3540 regno
1106 3459 1215 3524 Daciae
1237 3457 1326 3524 solus
1348 3457 1483 3537 Magnus
1505 3457 1607 3539 inpe-

370 3569 468 3630 raret
520 3564 599 3630 fleo
629 3562 805 3630 concordia
825 3562 976 3630 convenit
997 3564 1082 3630 inter
1103 3568 1255 3646 nepotem
1279 3567 1315 3628 et
1335 3561 1555 3628 avunculum,
1575 3560 1608 3626 in

370 3667 514 3750 ιιιιιιιιιιι1
552 3668 594 3734 ad
627 3673 776 3749 stagnum
808 3667 842 3732 in
878 3670 1055 3750 prasentia
1088 3667 1257 3734 Grimlrelli
1299 3667 1456 3748 episcopi,
1491 3667 1619 3760 Einsrs¹

370 3771 653 3840 tlrumbaslrclmis⁸
686 3776 720 3839 et
748 3772 885 3838 eliorum
908 3772 1084 3842 multorum
1114 3771 1305 3854 principum,
1338 3770 1393 3852 qui
1423 3771 1607 3837 omnimodo

371 3877 585 3944 decreverant
612 3893 651 3942 se
680 3875 768 3952 nullo
798 3879 895 3942 modo
923 3878 984 3943 sub
1015 3876 1141 3944 duobus
1162 3875 1295 3957 regibus
1318 3873 1403 3940 velle
1425 3893 1523 3956 agere
1544 3876 1608 3942 nisi

368 3998 451 4064 pecc
474 3979 725 4048 confoederatis.
770 3979 924 4048 Sciebant
955 3981 1066 4064 procul
1100 3980 1214 4046 ιιιιιιιιι9
1243 3997 1339 4046 omne
1361 3997 1495 4062 regnum
1516 3980 1549 4044 in
1571 3997 1607 4044 ss

371 4085 508 4151 divisum
538 4083 747 4150 desolandum
777 4085 915 4167 ideoque
944 4089 1130 4154 statuerunt
1151 4084 1332 4152 certissime
1352 4084 1437 4150 inter
1458 4103 1495 4150 se
1518 4083 1606 4158 illum

440 4351 525 4408 'Ait
544 4356 644 4420 expulit
662 4353 691 4416 (l)
710 4357 736 4410 S.
771 4353 861 4409 ’Alc
880 4359 1083 4422 impendendiaso
1101 4358 1126 4408 S.
1170 4353 1223 4408 ¹S.
1242 4357 1401 4408 Sweinonem
1420 4355 1480 4408 Ait.
1515 4350 1606 4406 ‘Am

369 4441 498 4510 proiectus
516 4443 542 4494 S.
579 4439 627 4496 ⁸8.
648 4447 670 4496 ci
689 4445 747 4496 alt.
783 4441 875 4507 ‘Am
894 4461 950 4496 meu
969 4447 1105 4497 iliandon:
1124 4447 1141 4497 l.
1160 4453 1287 4508 patruum.
1314 4444 1503 4494 Bbcmrerker:
1528 4459 1607 4494 arun·

369 4532 442 4584 culon
459 4547 505 4598 pro
522 4541 619 4598 patruo.
639 4543 756 4598 patruum
775 4535 801 4585 S.
842 4530 921 4585 ’ΒΚ
939 4533 1042 4600 Upland
1060 4535 1093 4584 Δ.
1139 4529 1242 4584 'rettet
1260 4534 1268 4582 i
1287 4533 1319 4582 ll.
1363 4531 1491 4584 Tharnbu
1510 4531 1606 4581 llelrnis
1654 4589 1658 4596 Ι

376 4619 428 4672 As.
465 4613 553 4672 ’Ait
577 4621 722 4673 udlaldtS.
