3668 5348
378 265 419 326 42
824 257 1016 308 sementum
1035 257 1197 311 moenem

376 443 528 525 gandium
557 441 734 508 adversarii
763 443 970 522 reportarent
997 445 1033 504 et
1059 440 1099 506 de
1122 459 1202 506 nece
1223 439 1308 520 regis
1328 443 1364 502 et
1384 439 1426 504 de
1448 439 1615 506 incruenta

377 547 520 614 victoria.
565 546 642 610 lude
671 549 769 610 ruunt
790 561 902 610 omnes
924 545 956 608 in
979 561 1078 622 arma,
1098 547 1272 625 penetrant
1290 543 1341 608 bis
1365 543 1415 608 vel
1438 547 1488 608 ter
1510 542 1612 606 aciem

377 653 531 732 hostiurn,
561 647 718 732 plurimos
745 653 966 730 prosternunt,
997 648 1198 730 protrahitur
1218 665 1328 731 pugna
1349 665 1453 728 nsque
1474 646 1515 712 ad
1538 663 1611 712 vcs-

306 797 311 808 ·
378 775 499 840 peram,
529 773 592 821 nox
620 757 804 836 pugnantes
828 753 974 818 dirimit¹.
1018 752 1201 819 Discedunt
1233 753 1363 818 tandem
1397 750 1526 832 utrique
1549 767 1612 818 non

378 869 444 927 tam
468 861 545 925 victi
568 875 665 941 quarn
689 856 767 924 lessi
790 862 824 924 et
845 857 1032 924 vulneribus
1054 855 1177 924 afflicti.
1665 863 1680 909 t

464 965 624 1032 Occnbnit
646 967 755 1030 autern
774 962 1158 1045 bantus01avusquarto
1177 961 1247 1028 Kal.
1266 962 1413 1042 Augusti,
1427 960 1512 1042 qnod
1535 966 1612 1026 tuno

379 1075 450 1138 erat
471 1073 587 1152 quarta
608 1067 698 1146 feria,
720 1085 802 1132 anno
823 1066 864 1134 ab
886 1069 1107 1134 incarnatione
1124 1068 1253 1134 Domini
1271 1067 1442 1134 millesimo
1460 1066 1611 1134 vicesimo

377 1192 472 1254 nono,
495 1180 532 1239 nt
553 1191 612 1240 nos
634 1172 755 1238 certina
778 1171 932 1254 indagare
954 1172 1128 1256 potuimus.

379 1380 458 1462 cap.
475 1379 544 1444 XX.
595 1379 641 1444 lle
663 1377 851 1444 diversitate
870 1379 1110 1461 supputationis
1130 1375 1302 1446 annornm'
1324 1377 1364 1442 ab
1382 1376 1475 1442 initio
1493 1375 1612 1442 mnndi.

462 1545 634 1612 Sciendum
652 1562 728 1611 vero
747 1549 806 1626 est,
824 1545 857 1610 in
875 1545 966 1612 libris
977 1547 1021 1611 nil
1035 1545 1117 1612 adeo
1141 1549 1327 1629 corruptum
1349 1549 1387 1609 ut
1408 1543 1610 1626 supputatio·
1649 1555 1681 1599 10

377 1669 450 1717 nam
466 1666 682 1728 numerorum,
699 1646 783 1714 turn⁸
797 1649 934 1716 maxime
953 1651 1032 1716 vitio
1053 1651 1259 1732 scriptorum,
1278 1657 1344 1715 tum
1364 1647 1477 1714 etiam⁴
1494 1647 1611 1712 minori

377 1754 536 1821 industria
554 1752 791 1833 calculantium,
805 1759 839 1819 et
855 1755 940 1834 ideo,
953 1761 990 1819 ut
1009 1755 1166 1836 inlprimis
1181 1754 1328 1837 diximus,
1341 1755 1425 1819 hunc
1444 1769 1611 1818 numerum

376 1877 531 1928 annorum
559 1845 708 1923 nolumus
738 1857 950 1940 praejudicare
974 1860 1111 1940 certiori,
1140 1877 1269 1942 semper
1294 1864 1327 1924 et
1349 1859 1468 1940 ubique
1490 1873 1611 1939 praeca-

375 1971 488 2032 ventes
509 1963 746 2042 contentiones,
775 1963 807 2028 in
830 1963 881 2028 his
905 1965 1068 2047 praecipue
1092 1981 1162 2046 quae
1185 1967 1299 2028 contra
1319 1962 1416 2028 fidem
1439 1980 1502 2026 non
1525 1965 1608 2026 sunt.

375 2071 419 2136 Et
439 2074 477 2134 ut
497 2084 601 2150 pauca
624 2065 664 2132 de
695 2067 900 2149 antiquorum
919 2067 1010 2133 libris
1033 2072 1067 2134 et
1089 2067 1182 2151 quid⁵
1203 2067 1265 2150 ipsi
1287 2067 1449 2133 senserint
1472 2065 1512 2131 de
1535 2083 1610 2148 sup·
1647 2085 1678 2130 ιι

375 2175 544 2258 putatione
574 2189 731 2236 annorum
754 2172 794 2237 ab
818 2172 949 2237 exordio
969 2171 1077 2237 mnndi
1101 2189 1204 2254 usque
1226 2172 1269 2237 ad
1291 2171 1464 2258 adventurn
1486 2169 1609 2236 Christi

371 2277 519 2358 relatam,
541 2293 659 2358 ponam
684 2275 883 2342 diversorum
903 2277 1064 2342 diversum
1086 2283 1281 2360 computum.
1326 2275 1487 2341 Eusebius
1502 2273 1609 2341 (laesa-

370 2382 488 2448 riensis
511 2381 693 2464 episcopus,
723 2379 845 2463 primus
877 2382 1017 2445 omniurn
1047 2398 1182 2462 quorum
1206 2379 1246 2445 ad
1269 2399 1329 2446 nos
1352 2380 1474 2462 scripta
1495 2395 1609 2460 perve-

370 2490 498 2564 nerunt,
534 2483 573 2552 ab
604 2485 696 2552 initio
730 2486 832 2552 seculi
865 2503 969 2568 usqua
998 2485 1038 2550 ad
1074 2489 1180 2549 ortum
1214 2485 1386 2550 salvatoris
1417 2483 1541 2565 colligit
1570 2501 1608 2547 ar

371 2589 533 2657 Hebraica
572 2591 712 2656 veritate
754 2607 910 2656 annorum
949 2590 1012 2654 tria
1050 2589 1152 2656 millia
1184 2594 1365 2670 nongentos
1399 2588 1609 2669 septuaginta
1643 2612 1676 2658 so

371 2713 480 2760 unum.
533 2693 626 2760 Idem
659 2699 767 2760 tamen
801 2693 973 2772 Eusebius,
1007 2691 1123 2758 nolens
1158 2695 1367 2760 autoritatem
1399 2691 1609 2774 septuaginta

370 2799 594 2880 interpretum,
617 2800 644 2863 si
667 2803 776 2864 tamen
799 2797 927 2863 illorum
955 2801 1017 2876 est,
1041 2798 1171 2862 omnino
1197 2803 1403 2882 postponere,
1432 2794 1608 2862 secundum

370 2903 458 2971 illam
489 2900 612 2984 colligit
644 2903 786 2985 quinque
815 2899 915 2966 millia
944 2907 1074 2966 centnm
1096 2904 1271 2984 nonaginta
1293 2919 1416 2967 novem.
1461 2899 1607 2966 Isidorus

370 3007 577 3091 Hispalensis
601 3007 775 3089 spiscopus
797 3007 890 3088 ponit
907 3006 1060 3098 ,quinque
1089 3005 1192 3082 millia
1218 3011 1348 3074 centum
1374 3006 1609 3088 quinquaginta

440 3214 520 3269 'AS.
538 3218 639 3265 diremit
654 3215 687 3264 K.
734 3209 823 3293 ⁸411.
842 3215 902 3278 mgl.
920 3214 946 3265 Β.
994 3210 1074 3267 Ἤ.
1092 3223 1144 3266 tam
1163 3217 1195 3266 Α.
1240 3212 1346 3264 ⁴AK8.
1379 3215 1404 3264 Α
1429 3213 1521 3264 tilteicr
1548 3227 1608 3265 orer

372 3307 478 3369 Linjen:
507 3297 714 3363 iorta[non].
750 3297 829 3353 δ118.
848 3305 916 3367 quod
933 3303 966 3354 A.
1600 3300 1604 3308 ’

455 3478 483 3536 0.
530 3463 692 3550 Occubuit]
707 3474 761 3534 cir.
774 3474 1025 3550 Lagenden1,10:
1049 3476 1194 3540 occubuit
1208 3479 1309 3536 antem
1322 3477 1431 3552 quarto
1451 3473 1606 3538 chadea

370 3582 510 3658 Augusti,
533 3579 612 3638 feria
634 3583 752 3654 quarta,
779 3579 939 3640 millesimo
969 3585 1002 3640 et
1029 3582 1174 3640 vicesimo
1205 3585 1311 3640 octavo
1335 3579 1375 3638 ad
1396 3581 1605 3642 incarnatione

370 3686 502 3745 Domini.
556 3682 640 3758 Thp‘a
668 3681 799 3754 Aarstal,
834 3703 900 3743 eom
932 3685 991 3743 han
1025 3685 1090 3746 sels
1123 3685 1307 3746 frementior
1338 3685 1407 3743 med
1438 3683 1523 3744 Tvirl
1558 3679 1605 3754 (aa

368 3793 464 3850 nnete
487 3781 630 3862 Capitol),
650 3806 685 3846 er
701 3788 915 3848 iremlrommet
937 3789 995 3848 red
1017 3795 1050 3848 at
1073 3793 1143 3866 tage
1167 3790 1219 3849 det
1240 3790 1312 3862 Aer,
1336 3789 1391 3848 der
1411 3776 1605 3864 ligger'mel·

369 3893 430 3952 lam
450 3891 631 3968 Legendene
655 3894 716 3950 Aer
743 3889 854 3968 (1028)
883 3913 923 3970 og
951 3894 1010 3952 den
1039 3895 1148 3971 rigtige
1178 3886 1363 3968 (islandaka)
1384 3893 1604 3969 ‘lideregnlnga

371 3989 490 4070 (1030).
534 3995 701 4056 Aeratellet
730 3993 763 4056 er
791 3997 839 4056 sca
866 3999 932 4074 Tlrj.
963 4003 1054 4075 gasat
1082 4017 1155 4060 over
1192 4002 1202 4056 i
1237 3979 1337 4076 Agrip
1372 3993 1439 4068 (53)
1473 4013 1513 4072 og
1545 3996 1604 4056 den

368 4101 429 4178 leg.
453 4101 532 4177 Saga
554 4119 580 4158 o.
605 4102 674 4160 101.
719 4103 758 4160 29
780 4102 842 4162 Juli
864 4103 944 4162 laldt
964 4105 976 4161 i
1000 4105 1078 4162 1028
1102 4122 1162 4179 paa
1184 4121 1221 4162 en
1244 4101 1386 4178 Mandag,
1408 4103 1419 4158 i
1443 4101 1521 4160 1009
1545 4119 1605 4177 paa

370 4225 408 4266 en
429 4205 568 4282 Tiredeg‚
591 4222 631 4281 og
651 4206 733 4273 leret
753 4208 763 4264 i
788 4209 868 4266 1030
892 4225 952 4283 psa
975 4227 1012 4266 en
1036 4207 1201 4282 Onsdag.

455 4310 503 4370 18.
548 4311 664 4386 primae
688 4313 821 4370 omnium
844 4331 972 4387 qnorum
994 4311 1033 4368 ad
1054 4329 1111 4370 noe
1132 4315 1252 4388 scripta
1266 4307 1487 4386 pervenerunt]
1511 4311 1603 4372 Diana

370 4413 433 4474 Ord
466 4433 499 4476 ar
532 4414 680 4491 rikkarlig
708 4413 883 4474 udalrrevne
911 4417 959 4474 fra
989 4435 1025 4474 en
1054 4415 1147 4476 ealdre
1177 4415 1341 4486 Feriatter,
1371 4415 1415 4474 thi
1445 4415 1512 4490 Thj.
1547 4417 1602 4476 her

368 4519 439 4578 ikke
461 4519 578 4580 kunnei
599 4519 724 4596 berrytte
747 4518 909 4579 Eusebius.
1216 4507 1219 4512 ¹
