3646 5348
363 377 530 434 maronia
548 381 596 434 DE
614 381 852 440 astruemus
868 381 991 435 ameum
1010 380 1323 435 NORWAGIENSIUM.
1424 383 1457 446 ll

220 565 356 633 consitio
381 567 530 649 praedicti
552 569 771 651 regionariae,
785 572 839 653 qui
857 587 930 635 eum
950 567 1120 648 nutrierat,
1136 567 1314 647 instigante
1335 572 1369 631 et
1385 583 1461 648 pro-

222 661 318 738 dente
338 673 472 738 Herone
496 674 629 740 comite¹
652 673 717 740 filio
739 674 902 758 Signandi,
928 675 981 757 qui
1006 673 1251 754 cognominatus
1276 677 1326 738 est
1348 671 1460 751 matus,

222 793 315 858 quem
337 783 413 860 post
432 777 691 846 interiectionem
703 779 863 863 Tryggva²
876 781 979 862 patris
994 779 1087 845 Olavi
1107 777 1190 844 idem
1208 778 1370 842 Haralrlus
1389 796 1462 858 gra-

219 881 339 948 ielder⁸
360 901 425 949 una
448 901 520 948 aum
545 887 647 950 matre
671 891 704 950 et
726 885 881 951 iratribus
912 885 1020 950 moitis
1052 884 1145 949 malis
1172 883 1331 950 afflixerat
1358 887 1392 948 et
1420 883 1461 946 ad

171 991 186 1039 ⁵
222 989 429 1070 quaerendum
453 991 624 1071 puerulum
648 991 782 1057 Otavum
807 996 968 1072 coegerat.
1024 990 1085 1068 Qui
1105 995 1181 1073 post
1201 989 1462 1056 interiectionem

219 1091 323 1175 patris
340 1095 390 1159 sui
403 1093 565 1177 Tryggra⁴
582 1097 633 1162 vir
652 1113 793 1182 uuquam
813 1101 884 1162 tuto
900 1097 1005 1162 latere
1025 1099 1156 1179 poterat
1174 1100 1310 1178 propter
1325 1093 1462 1159 insidias

221 1197 408 1279 Gonniidar,
434 1213 505 1282 quoe
517 1201 691 1268 verebatur
711 1203 800 1267 illurn
814 1219 1038 1269 successorem
1061 1202 1152 1284 regni
1162 1199 1301 1266 fitiorum
1319 1214 1461 1277 suorum,

220 1301 383 1385 Tryggrer
404 1307 525 1388 quippe
547 1311 643 1388 pater
665 1309 734 1390 ejus
757 1308 796 1373 de
832 1309 936 1398 stirpe
970 1307 1068 1396 regia,
1102 1308 1218 1388 utpote
1251 1303 1335 1370 fliius
1367 1303 1462 1369 Olavi

220 1405 278 1472 filii
311 1408 446 1475 Hercldi
480 1411 694 1494 beneeomati,
726 1431 859 1494 reguum
895 1414 1082 1479 obtinuerat
1118 1413 1151 1477 in
1185 1411 1354 1494 superiore
1386 1425 1463 1492 pro-

156 1525 188 1571 10
222 1511 335 1592 vincio,
360 1532 456 1599 quam
479 1517 726 1600 Norwagienses
748 1519 880 1602 Uploud
903 1525 1029 1585 vocant.

579 1705 667 1788 -Gap
693 1703 728 1770 V.
774 1703 822 1770 De
846 1703 981 1770 Hacone
1004 1703 1099 1770 nralo.

307 1855 421 1921 Horon
444 1873 521 1920 vero
544 1857 861 1939 praedictussdjutus
885 1873 992 1937 urege
1006 1855 1171 1921 Danorum
1184 1855 1329 1920 Haraldc
1353 1873 1466 1937 supra-

158 1999 189 2046 ,ὅ
224 1965 413 2038 memorato,
435 1965 531 2043 pecto
555 1963 640 2026 inter
662 1979 718 2027 cos
752 1961 929 2029 cbnstituto
953 1961 1149 2044 hujusmodi,
1172 1962 1285 2043 viginti
1315 1959 1468 2026 videlicet

222 2063 397 2146 accipitres
420 2065 655 2147 persolvendos
677 2064 812 2148 singulis
836 2067 938 2146 annis,
963 2073 997 2133 et
1019 2069 1047 2131 si
1067 2068 1152 2132 torte
1177 2067 1285 2150 aliqua
1308 2067 1465 2133 bellorum

222 2169 404 2236 necessitas
427 2173 672 2254 ingrueritragi
686 2173 861 2252 Dacorum,
885 2173 984 2238 istum
1007 2175 1119 2238 statim
1144 2191 1214 2238 cum
1238 2188 1299 2238 suo
1323 2172 1468 2238 exercitu

223 2273 465 2354 auxiliaturum,
490 2277 588 2343 rediit
616 2278 647 2343 iu
682 2275 882 2360 Noruegiam
917 2297 987 2343 cum
1021 2295 1119 2342 manu
1151 2278 1259 2343 valida
1291 2278 1466 2360 fugataque

224 2379 388 2446 Gotbrotb
417 2381 491 2447 filio·
520 2381 690 2448 Gunnilrtce
724 2383 813 2449 sotus
837 2383 978 2449 obtinuit
999 2401 1132 2465 regnum
1161 2383 1341 2465 Norwagiae
1372 2381 1465 2447 annis

158 2507 191 2554 so
226 2480 370 2568 triginta,
394 2486 519 2552 tomen⁶
551 2480 621 2554 sine
654 2489 743 2570 regio
777 2490 916 2554 nomine.
961 2487 1124 2554 Haraldus
1159 2507 1216 2553 rex
1245 2489 1356 2554 Danioe
1389 2492 1466 2554 tuno

224 2591 380 2674 temporis
402 2591 539 2658 timebat
572 2593 667 2658 vaide
691 2590 862 2660 Ottonenr²
883 2577 1203 2659 christianissimum⁸
1224 2593 1466 2675 imperatorem,

224 2695 277 2779 qui
302 2699 331 2763 ei
356 2715 453 2763 svare
474 2699 586 2781 jugum
611 2699 732 2765 Christi
767 2690 933 2782 imponere
957 2700 1162 2782 disponebat,
1197 2699 1282 2782 quod
1319 2697 1463 2763 etfacit.

222 2801 292 2868 Iste
316 2807 367 2866 est
401 2801 490 2882 Otto,
524 2805 575 2868 vir
605 2805 820 2887 probIssimus
854 2811 888 2870 et
919 2806 950 2870 iri
986 2803 1246 2887 praeclarissima
1279 2803 1357 2868 siris
1385 2821 1466 2885 prae-

222 2906 453 2989 stantissimus,
478 2909 532 2991 qui
556 2895 728 2974 ecclesiam
752 2929 945 2993 omnemque
969 2911 1090 2976 clerum
1115 2911 1188 2993 pius
1221 2907 1404 2975 honorabat
1433 2911 1467 2974 et

153 3039 187 3085 re
221 3031 314 3098 paene
336 3011 411 3095 plus
434 3013 560 3080 ditabat
582 3033 677 3097 quam
702 3017 878 3097 expediret,
902 3017 1071 3083 subdendo
1091 3018 1119 3082 ei
1142 3015 1343 3099 pheodatos⁹
1365 3013 1464 3080 duces

231 3269 235 3274 Ι
256 3199 263 3232 ¹
283 3199 341 3252 ΔΚ.
359 3205 458 3252 somata
475 3203 506 3268 (t)
523 3201 549 3253 Β.
585 3201 596 3232 ¹
614 3199 733 3269 {hyms
749 3200 805 3254 ΔΚ.
825 3203 971 3270 magiae.
994 3204 1097 3258 'rettet
1108 3202 1295 3258 GraieidrAK.
1307 3200 1464 3256 eratalr'rs.

220 3289 329 3340 ⁴rottst
346 3289 402 3353 (har
419 3305 452 3356 og
468 3291 601 3354 predantur)
619 3289 738 3358 Trypgya
755 3290 842 3344 ΑΚΒ.
863 3292 1022 3355 (originalem
1049 3293 1096 3344 har
1122 3293 1225 3344 ristnok
1242 3293 1282 3342 Ior
1305 3297 1332 3344 at
1357 3291 1465 3354 betagne

220 3393 237 3428 r
253 3377 332 3442 brupt
349 3395 376 3447 p,
393 3377 494 3429 hrilket
513 3393 544 3428 en
562 3378 694 3428 Aiskrirsr
711 3379 758 3430 her
775 3379 833 3432 laert
850 3395 904 3430 som
921 3379 955 3448 y).
991 3381 1104 3432 ⁵rsttat
1123 3380 1241 3449 Tryggya
1257 3379 1335 3434 ΑΚΒ.
1381 3377 1466 3428 οΑΚ.

220 3471 305 3516 mmor
322 3481 373 3518 nou
391 3467 417 3516 S.
441 3453 465 3495 '²
482 3466 532 3518 ΔΚ
556 3465 681 3532 (oreralt).
704 3467 842 3521 Ottbonern
864 3467 915 3520 ΒΕ.
935 3469 1063 3533 (overalt).
1130 3467 1187 3524 ΑΚ.
1206 3467 1421 3519 christianismum
1439 3467 1466 3522 S,

220 3551 307 3605 'AL
327 3553 364 3616 (K
382 3553 494 3606 tilfaier:
514 3555 628 3605 feudatos
647 3571 691 3605 eeu
710 3555 837 3618 vasallos).
858 3557 999 3620 pharbetos
1017 3557 1043 3612 S.

306 3733 332 3788 5.
378 3731 417 3790 ad
441 3731 638 3807 quarendum
661 3733 823 3807 puerulum
847 3733 972 3792 Oiarum
997 3727 1156 3810 coegerat]
1188 3734 1242 3794 oir.
1280 3731 1349 3791 Odd
1370 3731 1465 3791 biauk

221 3831 364 3906 (Mesobe
386 3829 479 3912 ung.)
502 3833 575 3913 Osp.
599 3839 629 3895 4.

306 3936 355 3998 14.
400 3932 539 4016 adjutus]
568 3923 893 4018 oir.rIgrip21-22:
940 3945 1046 4003 Hocon
1068 3941 1235 4018 iarl·(drap
1259 3944 1352 4019 begar
1381 3943 1464 4004 Guli-

219 4043 327 4104 barsid
346 4041 467 4121 oo)uan
491 4045 659 4122 svaNoreg
679 4049 780 4106 under
800 4052 844 4108 sio
866 4049 935 4124 mep
958 4055 1025 4108 seat
1047 4048 1123 4126 gildi
1145 4047 1198 4123 uip
1219 4047 1307 4107 Dona
1329 4049 1461 4126 bonoag.

308 4155 354 4210 15.
400 4153 507 4226 viginti
529 4144 707 4228 accipitres]
731 4171 853 4212 uaevnes
876 4135 1025 4231 ligelad'ea
1055 4157 1066 4213 i
1088 4153 1383 4230 Jomrvilrr'ngasaga,
1409 4155 1464 4212 der

218 4255 307 4315 Iader
338 4255 465 4315 Haakoo
498 4257 600 4314 levero
635 4257 675 4315 60
708 4255 794 4334 Hoge
829 4259 878 4318 Ior
910 4261 926 4318 3
961 4257 1023 4320 Aer
1056 4254 1156 4334 (an.
1181 4259 1211 4318 S.
1234 4231 1285 4333 XI,
1310 4260 1372 4331 26),
1395 4261 1462 4318 omi.

220 4359 374 4439 Gjessing,
397 4361 638 4438 Koogeaagaens
660 4362 832 4423 Fremvext
852 4365 890 4436 II,
915 4367 952 4422 64
977 4383 1017 4441 og
1037 4365 1113 4422 hana
1132 4365 1431 4442 Jomsrikingasaga
1451 4367 1462 4424 i

217 4465 333 4525 latinsk
356 4466 574 4526 Overaaettelse
594 4467 627 4526 ai
646 4468 787 4544 Arngrim
808 4467 954 4543 Jonsson,
976 4469 1100 4529 For-tale
1125 4469 1154 4529 S.
1178 4468 1257 4528 XIII.

304 4573 354 4630 25.
398 4563 585 4649 pheodstus]
608 4591 646 4620 υ
670 4573 842 4649 pheodalis,
870 4576 1013 4649 vasallus,
1053 4575 1123 4654 ‚qui
1156 4577 1275 4637 ratione
1304 4575 1390 4635 feudi
1423 4576 1460 4636 ab

218 4677 279 4736 elio
303 4673 438 4753 pendet“
464 4671 648 4756 (Dacsnge).
