3654 5336
382 331 442 412 ica
730 343 826 400 acra
846 347 1064 400 sancnoauu
1083 347 1121 398 m
1139 339 1249 400 santo.

380 529 475 594 triam
499 529 685 611 relinquere
717 535 773 596 aut
806 530 850 594 ibi
882 529 1028 593 urentes
1055 526 1231 608 perniciter
1252 525 1312 592 sub
1335 524 1467 606 maligni
1492 523 1620 608 tyranni

381 633 522 699 dominio
544 651 745 714 permanere.
791 634 871 699 Cum
904 649 980 713 ergo
1011 631 1101 695 multi
1119 631 1211 696 dono
1234 630 1285 696 dei
1308 631 1467 712 praeventi
1489 629 1620 694 famular

381 738 443 816 dei,
466 737 605 802 dominc
628 753 706 816 suae,
730 742 795 803 tam
818 755 943 803 morum
966 736 1157 801 imitationis
1181 753 1276 817 quam
1301 736 1473 800 comitatus
1494 734 1620 798 itineris

381 841 538 922 clegerint
558 841 705 923 praebcre
727 843 854 928 solatia,
878 843 949 924 ipsa
973 859 1045 906 cum
1069 841 1169 905 sociis
1191 858 1258 904 suaa
1281 838 1499 903 tribulationis
1524 855 1619 918 quam

380 945 527 1026 pluribus
550 946 636 1024 viris,
668 946 856 1012 mulieribus
880 955 913 1010 ct
934 944 1078 1026 parvulis
1100 945 1207 1009 vitans
1238 943 1333 1024 huJ'us
1355 943 1467 1008 saeculi
1491 941 1619 1020 fluctus,
1672 950 1691 994 o

380 1047 534 1114 fluctuum
565 1051 664 1114 maris
697 1067 734 1115 se
770 1051 973 1115 committens
1002 1047 1190 1124 discrimini,
1225 1065 1297 1112 cum
1332 1047 1435 1112 tribus
1465 1046 1621 1112 naviculis

380 1171 493 1219 versus
517 1158 628 1235 partas
652 1155 860 1235 aquilonares
882 1155 1019 1220 tendens
1041 1153 1126 1216 inter
1155 1151 1258 1216 undas
1281 1152 1345 1217 iter
1367 1151 1513 1232 arripuit.
1558 1151 1620 1215 Vo-

380 1259 498 1323 luntati
532 1256 649 1322 divinae
683 1276 718 1324 se
752 1276 876 1340 suaque
911 1258 1117 1322 committens
1152 1256 1221 1320 sinc
1250 1255 1347 1320 remis
1378 1261 1412 1320 et
1434 1255 1506 1320 aliis
1528 1255 1620 1320 navis

381 1360 577 1428 utensilibus
607 1379 694 1426 mare
723 1363 818 1427 simul
852 1368 884 1426 et
917 1361 1046 1425 exilium
1069 1357 1271 1424 confidenter
1290 1361 1479 1440 ingreditur.
1525 1359 1620 1424 Geta·

380 1485 450 1530 rum
474 1465 632 1531 mirabilis
655 1467 739 1530 deus
762 1465 794 1530 in
818 1465 893 1530 altis
917 1465 1076 1542 dominus,
1102 1465 1152 1528 cui
1172 1465 1261 1528 venti
1285 1469 1318 1530 et
1342 1481 1429 1528 mare
1452 1463 1619 1541 obediunt,
1657 1470 1689 1516 ¹⁰

381 1569 414 1634 in
449 1589 485 1635 sa
517 1569 718 1635 confidentes
749 1571 788 1636 ab
819 1571 905 1634 inani
931 1569 1078 1650 perictdo
1102 1574 1136 1634 et
1158 1588 1177 1632 a
1200 1567 1402 1634 mirabilibus
1426 1567 1621 1634 elationibus

382 1675 479 1739 maris
501 1672 624 1739 illaesos
646 1681 680 1740 et
702 1675 880 1740 incolumes
902 1674 1091 1738 reservavit.

466 1803 508 1844 ιν.
552 1774 692 1844 Tandem
717 1797 788 1844 cum
810 1784 886 1860 post
899 1781 1064 1843 transacta
1080 1777 1177 1858 longa
1194 1776 1292 1840 maris
1307 1777 1415 1857 spatia
1434 1775 1474 1841 ad
1494 1781 1619 1858 partem

381 1882 469 1948 illam
481 1883 661 1964 Norvagiae,
681 1903 753 1966 quaa
777 1884 910 1964 evulgo
933 1882 1154 1947 Firdorum'
1176 1879 1385 1972 provincia
1408 1885 1619 1962 nuncupatur,

382 1988 523 2068 gloriosa
545 1987 774 2054 illa-comitiva
796 1988 926 2052 domino
955 1987 1093 2052 ducente
1127 1985 1284 2066 pervenit,
1314 1983 1414 2065 liujus
1446 1985 1620 2065 pmvinciaa
1657 1991 1688 2036 1⁵

282 2090 283 2096 ’
381 2091 497 2158 incolae
519 2091 655 2157 rationis
685 2093 792 2172 alieni,
824 2092 913 2156 cultu
947 2089 1128 2166 silvestres,
1161 2088 1305 2154 moribus
1329 2087 1544 2168 incompositi,
1573 2089 1620 2152 vi-

383 2195 498 2261 dentes
521 2201 652 2262 sanctos
677 2196 733 2262 dei
754 2195 874 2260 finibus
903 2197 970 2260 suis
993 2192 1264 2276 appropinquare,
1299 2192 1454 2256 continuo
1485 2209 1620 2272 congre-

382 2306 458 2382 gato
482 2302 635 2379 exercitu,
671 2299 836 2380 tanquam
858 2299 900 2364 ad
928 2299 1071 2364 latrones
1103 2313 1176 2362 cum
1203 2297 1321 2386 gladiis
1351 2295 1547 2360 attactibus
1569 2311 1621 2361 er-

383 2408 509 2483 cunteS,
533 2420 604 2470 cum
629 2421 684 2470 eos
710 2404 986 2486 comprehendere
1009 2421 1073 2468 non
1092 2398 1238 2496 pbsseiit,
1261 2399 1374 2482 procul
1399 2419 1418 2463 a
1439 2405 1528 2465 terra
1550 2417 1621 2465 cuin

382 2509 510 2590 sagittis
543 2513 576 2574 et
607 2507 770 2589 lapidibus
799 2508 1009 2590 expulerunt;
1047 2509 1141 2573 erant
1169 2508 1254 2572 enim
1285 2505 1477 2585 gentilitatis
1510 2521 1620 2571 errore
1656 2517 1688 2564 ao

382 2613 535 2680 excecati
558 2614 721 2679 etlumen
744 2613 891 2678 veritatis
914 2612 1049 2678 infirmis
1073 2611 1175 2678 oculis
1200 2611 1348 2693 aspicere
1373 2627 1435 2674 non
1458 2610 1620 2676 valebant.

381 2719 505 2784 iterato
529 2703 627 2799 igitur
649 2718 751 2782 sancti
786 2717 838 2783 dei
866 2719 974 2800 pelagi
1006 2719 1165 2799 coguntur
1197 2716 1279 2780 inire
1302 2713 1506 2780 discrimina:
1539 2721 1621 2781 tem·

382 2827 513 2905 pestate
537 2828 649 2888 exorta
678 2821 838 2903 corporali
865 2825 1041 2905 praesentia
1063 2826 1264 2902 separantur,
1294 2820 1348 2900 qui
1373 2825 1481 2885 menta
1503 2827 1537 2884 et
1558 2822 1623 2901 spi·

382 2925 463 2992 ritu²
485 2926 631 3007 separari
654 2941 719 2992 non
740 2931 869 2991 norunt.
1667 2977 1670 2984 .

466 3052 496 3097 v.
540 3031 644 3097 Beata
681 3032 781 3113 igitur
814 3031 956 3096 Sunniva
988 3030 1142 3096 fluctuum
1176 3027 1363 3094 turbatione
1398 3027 1513 3094 sedata
1545 3047 1617 3094 cum
1653 3049 1685 3098 aa

381 3134 512 3221 maj0n⁸
538 3141 633 3216 parta
658 3138 820 3202 sociorum
845 3137 884 3200 ad
913 3136 1061 3214 insulam,
1090 3135 1138 3198 cui
1165 3149 1286 3198 noman
1308 3132 1434 3212 Salio,
1464 3134 1622 3216 applicuit

382 3239 493 3321 ibique
515 3239 770 3306 mansiunculam
794 3237 915 3304 faciens
947 3241 979 3304 in
1007 3238 1169 3320 speluncis
1199 3244 1233 3302 et
1263 3239 1408 3303 cavernis
1435 3241 1533 3302 terras
1555 3257 1621 3320 praa

382 3345 499 3411 timore
532 3346 675 3426 gentium
706 3344 875 3410 habitavit.
920 3343 1049 3423 Reliqui
1078 3355 1155 3407 vero
1183 3343 1263 3406 socii
1294 3343 1335 3406 ad
1364 3343 1461 3407 aliam
1483 3344 1621 3408 insulam

296 3492 299 3498 ,
383 3449 595 3531 applicantes,
620 3465 692 3529 quae
714 3447 805 3513 Κῑιι4
832 3447 969 3527 avulgo
991 3463 1109 3516 nomen
1132 3448 1268 3528 accepit,
1292 3445 1389 3511 simili
1409 3448 1508 3512 modo
1531 3465 1621 3513 man·

382 3557 504 3633 aemnt,
528 3569 567 3617 ex
590 3555 741 3634 captione
762 3552 901 3632 piscium
924 3553 1001 3617 vica
1022 3550 1083 3616 sibi
1106 3552 1293 3616 necessaria
1312 3552 1530 3633 acquirentes.
1572 3553 1620 3616 Eo
1656 3569 1689 3616 ao

381 3661 530 3739 tempore
564 3675 674 3722 comes
702 3644 871 3738 Haquinus
903 3656 943 3720 de
973 3657 1097 3721 Ladum
1128 3657 1215 3721 omni
1244 3661 1379 3738 tyranno
1403 3656 1620 3721 crudelioria

378 3761 535 3843 populum
570 3761 632 3826 sibi
658 3763 838 3844 subjectum
873 3760 1056 3828 deseviens
1085 3765 1215 3842 sceptra
1240 3759 1332 3841 regni
1359 3759 1529 3840 Norregiae
1552 3761 1620 3826 vlo·

453 3946 561 4001 'rctiet
588 3951 727 4000 Fardorum
747 3951 819 4000 Brcv.
854 3946 958 4002 'rcttat
973 3950 1004 4002 ai
1020 3953 1103 4016 Lgblr.
1120 3951 1236 4016 spiritum
1256 3928 1330 4000 l'ircr.
1372 3945 1476 4000 'radet
1495 3949 1524 4000 af
1541 3949 1622 4016 Lgblv.

383 4036 507 4102 mqiornm
529 4039 608 4088 Bias.
641 4033 753 4090 ‘retica
781 4039 833 4104 kyn
852 4039 926 4092 Brcv.

471 4193 518 4250 id.
562 4191 725 4251 Firdorum
737 4187 906 4270 provincia]
931 4192 1012 4253 oldn.
1025 4191 1212 4265 Ficta-syllal,
1236 4189 1485 4252 herFastlaudet
1504 4193 1515 4251 i
1535 4191 1622 4252 Mod·

383 4297 514 4372 aaetning
535 4297 572 4354 til
595 4292 695 4361 fiacus
723 4297 828 4356 Kinn
852 4317 893 4374 og
915 4299 1026 4373 Selja
1054 4291 1076 4369 (i
1100 4315 1212 4354 samma
1236 4289 1355 4370 Fyllra),
1379 4297 1514 4356 hvorlran
1539 4297 1623 4358 Stor-

382 4419 450 4458 men
474 4401 550 4460 drav
571 4401 609 4460 dc
632 4401 811 4479 Flygtande.

471 4507 518 4579 l8.
561 4509 707 4584 tanquam
730 4507 768 4565 ad
790 4498 941 4582 latrones]
965 4506 1030 4564 emi.
1054 4505 1163 4564 Matth.
1186 4505 1239 4563 Ev.
1264 4505 1370 4578 XXVI,
1386 4525 1436 4570 cc:
1467 4506 1622 4583 Tanquam

382 4609 422 4668 ad
443 4609 597 4670 latronem
620 4613 727 4670 existis
752 4629 818 4670 cum
840 4611 950 4688 gladiis
974 4615 1005 4668 at
1024 4611 1157 4670 fustibus
1181 4606 1441 4687 comprehendero
1464 4632 1520 4672 ma.
