3668 5348
363 397 534 449 HISTORIA
553 397 601 448 DE
620 395 998 454 carlummannum
1016 394 1330 448 Nonwanfflnswtt.
1426 396 1467 458 27

223 585 384 666 perlatum
408 587 459 649 est
481 583 521 647 ari
546 601 629 662 eum,
653 583 829 648 adventare
853 581 962 646 Hauon
986 581 1086 645 fitium
1110 579 1197 644 lirici
1232 598 1304 644 cum
1339 579 1465 645 duabus

223 689 369 769 navibus,
394 707 455 753 uria
470 707 579 770 parva,
603 707 699 769 quem
713 705 770 752 nos
793 705 945 751 vocemus
968 691 1092 762 scuta,
1117 685 1220 748 nitere
1248 684 1463 764 longaeuum

223 795 346 876 antiqui
370 795 529 860 vocabant
549 793 766 869 liburnam,
790 793 876 857 unde
900 796 934 855 et
957 791 1128 855 Horatius:

425 899 492 963 Ibis
516 899 650 962 liburnis
674 899 758 962 inter
780 897 846 962 alta
869 897 1007 975 navium,

172 1025 188 1076 5
427 1005 539 1082 amice,
564 1002 815 1084 propugnacula.

305 1109 376 1188 Quo
400 1113 564 1190 comperto
588 1107 710 1173 Olauus
732 1111 846 1172 noster
868 1107 1065 1189 excogitauit
1088 1106 1273 1189 hujusmodi
1294 1105 1465 1186 taqueum:

220 1211 297 1280 iecit
320 1233 419 1280 naves
440 1231 515 1278 enas
539 1213 771 1278 altrinsecuse
801 1217 914 1277 contra
940 1212 1052 1290 locari,
1086 1219 1118 1276 et
1151 1212 1227 1294 quia
1261 1211 1352 1276 iocus
1390 1215 1461 1274 erat

220 1319 480 1401 angustissimae,
504 1319 620 1383 cordes
645 1319 730 1383 inter
752 1319 840 1399 ipsas
864 1335 962 1382 naves
989 1317 1102 1396 tendi'‚
1126 1335 1198 1398 quae
1222 1319 1288 1381 tam
1310 1314 1460 1380 fluctibus

220 1425 432 1506 operirentur,
455 1443 495 1488 ne
519 1423 628 1488 dolum
652 1424 854 1504 detegerent,
879 1427 917 1487 ut
939 1422 1014 1488 dum
1037 1422 1083 1488 ibi
1105 1421 1227 1487 incauti
1245 1421 1459 1500 irretirentur,

219 1529 314 1594 iiiaeei
338 1535 371 1594 et
393 1529 462 1594 sine
485 1530 652 1610 sanguinis
671 1527 831 1611 effusione
848 1529 875 1592 si
894 1527 966 1592 fieri
983 1533 1098 1610 posset
1118 1533 1320 1610 caperentur.
1366 1527 1460 1604 Quod

219 1635 320 1701 etita
342 1635 494 1714 contigit3
517 1653 589 1699 uam
613 1633 789 1699 adveniens
812 1633 935 1712 Hacon,
959 1633 1003 1697 nil
1034 1632 1122 1698 aliud
1146 1635 1329 1716 suspicatus
1363 1649 1460 1713 quem

220 1745 425 1818 mercatores,
458 1739 573 1805 iiicoa
605 1757 683 1820 rege
718 1743 832 1828 captus
866 1743 929 1806 est.
973 1738 1022 1806 Ibi
1056 1743 1133 1832 tuuc
1165 1739 1325 1821 abjuravit
1357 1741 1460 1802 totam

219 1845 308 1912 iiiam
330 1849 458 1928 partem
470 1844 658 1924 Noruagiae,
681 1862 777 1925 quem
795 1845 866 1926 ipse
886 1850 1056 1923 tenuerat,
1072 1844 1146 1910 inde
1167 1843 1333 1925 profectus
1356 1847 1406 1908 est
1428 1840 1462 1908 in

220 1950 377 2032 Angiiarn.
423 1948 544 2014 Sueioo
573 1967 650 2014 vern
685 1949 861 2015 avunculus
897 1950 967 2032 ejus
1000 1968 1071 2016 cum
1107 1949 1253 2016 audisset
1287 1948 1460 2014 adventum

220 2055 310 2122 beati
331 2054 432 2132 Oiari,
456 2052 593 2119 collecto
618 2052 776 2121 exercitu¹
798 2072 871 2121 mox
894 2060 985 2122 eum⁸
1006 2055 1196 2136 insequitur.
1241 2053 1361 2120 Olavue
1384 2069 1461 2118 uero

220 2179 277 2227 rex
292 2157 405 2224 -hoc
428 2159 514 2224 enim
533 2157 697 2224 nomeu⁴a
712 2158 780 2225 suis
789 2159 856 2242 jam
869 2161 1006 2226 sortitus
1025 2159 1140 2240 fueret,
1156 2178 1244 2226 more
1256 2159 1462 2240 antiquorum

221 2265 539 2346 Romanorumque
561 2269 596 2330 et
617 2265 662 2331 ibi
686 2265 847 2330 exercitus
866 2263 929 2330 sibi
946 2264 1076 2332 nolebat
1098 2283 1209 2332 creare
1232 2264 1462 2346 imperatorem

221 2377 256 2436 et
287 2372 412 2452 regium
447 2387 563 2436 nomen
595 2369 763 2450 imponere
798 2405 836 2414 --
871 2367 1022 2435 diffidens
1046 2370 1137 2453 [ergo
1169 2369 1240 2435 rea⁵
1269 2369 1310 2434 de
1344 2369 1463 2450 auxilio

220 2475 476 2544 Thrnndensium
499 2477 650 2558 (noverat
672 2473 757 2540 enim
781 2492 892 2540 eorum
916 2471 1104 2540 facilitatem
1137 2482 1170 2542 et
1200 2473 1463 2550 inconstantiam)

222 2581 358 2646 secessit
390 2581 423 2647 in
457 2581 660 2662 superiorem
690 2580 887 2662 prouinciam
923 2578 1049 2661 ibiquei
1077 2579 1233 2644 hiemavit
1255 2597 1326 2648 curn
1350 2579 1463 2644 vitrico

295 2781 354 2832 'K
384 2783 482 2835 teterffl
508 2785 558 2838 AS.
602 2783 815 2836 ¹KS.exeroite
841 2785 870 2851 ti)
894 2785 926 2838 Δ.
971 2784 1026 2839 ³8.
1051 2781 1124 2836 illum
1148 2783 1205 2836 ΔΚ.
1240 2781 1327 2832 ⁴a1t.
1351 2783 1413 2846 ingl.
1438 2783 1465 2833 8.
1558 2787 1564 2799 “

224 2871 308 2926 ⁵A8.
326 2871 431 2924 edehat
449 2871 482 2923 K.
520 2871 607 2928 ‘Am
627 2872 663 2922 ibi
680 2872 706 2926 8.

223 3135 284 3174 sem
307 3116 344 3174 til
365 3115 511 3190 bordage.
535 3115 615 3174 haum
638 3115 735 3193 laeggr
758 3118 857 3176 sinum
886 3120 986 3194 megin
1020 3135 1152 3175 eunzens
1175 3117 1270 3175 hvarn
1298 3082 1462 3174 knorrenn.

223 3221 310 3280 Siten
333 3220 378 3278 let
400 3220 479 3279 honn
502 3240 575 3278 vern
598 3223 707 3298 etaeagi
730 3222 876 3282 ikavono
911 3223 985 3282 milli
1019 3223 1178 3298 skipenna.
1202 3251 1243 3259 -
1267 3249 1306 3259 -
1328 3221 1354 3278 A
1378 3220 1464 3296 breim

222 3326 300 3402 degi
324 3324 415 3402 eigldi
439 3324 546 3384 Heleon
568 3325 625 3384 ieri
655 3327 831 3385 AEirilreeun
863 3333 899 3386 ut
931 3328 1011 3387 reftir
1045 3327 1178 3386 nundina
1214 3323 1467 3401 Seutnngsauudi

222 3431 286 3489 met
317 3433 338 3506 ij
375 3431 454 3507 skip.
489 3451 555 3490 ver
589 3437 704 3491 ennat
736 3431 925 3509 longekip
958 3453 1000 3492 en
1037 3436 1156 3491 annet
1189 3431 1317 3490 ekuta.
1349 3457 1393 3472 -·
1425 3455 1465 3470 -

222 3535 311 3594 heffa
333 3534 399 3610 peir
430 3535 469 3610 pa
500 3535 587 3594 litum
619 3555 681 3613 agg
704 3557 721 3594 a
744 3555 795 3594 eor
816 3537 855 3612 po
880 3543 912 3594 et
933 3537 1040 3597 Hekon
1076 3557 1116 3596 aae
1151 3537 1258 3613 skipen
1293 3539 1303 3594 i
1332 3535 1465 3595 sundinu

221 3639 286 3698 firir
308 3660 365 3698 ser.
390 3639 455 3700 firir
477 3639 527 3714 pni
551 3645 583 3700 et
604 3641 684 3700 henn
709 3641 795 3700 oetier
816 3643 989 3717 kenpmenn
1011 3662 1083 3701 uera
1105 3661 1132 3701 o.
1157 3663 1182 3699 e.
1206 3662 1232 3700 r.
1265 3663 1271 3671 ·

306 3745 335 3803 3.
380 3737 540 3822 Horatius]
552 3745 660 3822 Epode
672 3747 695 3817 1,
712 3749 800 3806 1-2.
824 3747 907 3806 Forf.
924 3748 980 3805 hor
990 3767 1050 3824 poe
1061 3746 1166 3806 Grund
1182 3747 1215 3805 af
1227 3725 1307 3818 „alte
1318 3748 1464 3805 montium

222 3849 471 3927 propugnacula¹⁴
497 3851 647 3909 forsteeet
670 3850 837 3926 „liburnae“
862 3871 910 3910 om
935 3857 1042 3911 etore
1066 3851 1171 3912 Siribe.

310 3959 356 4016 14.
402 3947 583 4031 avunculus]
608 3977 646 4001 ==
670 3960 798 4033 patruus
823 3951 929 4027 (midd.
952 3953 1030 4027 let),
1054 3957 1090 4016 fr.
1116 3958 1211 4016 oncle.

311 4063 356 4120 18.
402 4061 544 4119 diffidens
569 4059 606 4119 de
630 4051 1012 4136 anxilioThfflndenninm]
1037 4061 1120 4120 Fori.
1140 4061 1269 4138 kjender
1287 4061 1465 4138 ligeeealidt

222 4185 286 4224 eom
311 4146 409 4251 Agrip
432 4166 467 4224 til
492 4164 581 4225 Olane
608 4169 673 4226 lete
696 4165 761 4242 Tog
782 4163 818 4223 tii
848 4165 990 4225 Nidaros.
1035 4167 1117 4225 Hane
1147 4164 1225 4225 Dom
1257 4185 1303 4226 om
1326 4165 1464 4233 Thrend·

223 4289 296 4329 erne
328 4269 473 4329 henriser
495 4271 530 4328 til
554 4271 653 4328 dieses
677 4269 799 4347 Stilling
820 4271 830 4328 i
853 4269 1186 4348 Partistridighederne
1217 4271 1316 4330 under
1332 4271 1463 4348 Magnae

222 4375 415 4451 Eriingason.

309 4481 358 4540 20.
403 4471 546 4556 secessit]
572 4481 637 4538 erni.
661 4461 760 4557 Agrip
783 4481 839 4538 44:
883 4479 971 4539 Henu
994 4499 1051 4538 uer
1076 4499 1134 4538 enn
1162 4481 1259 4539 furato
1287 4485 1354 4540 retr
1380 4481 1465 4558 leng-

224 4589 304 4643 etom
326 4585 393 4659 mep
418 4583 539 4660 Signrpi
560 4585 639 4659 magi
662 4585 757 4643 sinom
781 4604 799 4643 e
820 4583 1032 4662 Upptondom,
1057 4605 1093 4645 en
1117 4585 1151 4644 oi
1174 4585 1256 4643 uerit
1289 4587 1368 4644 efter
1391 4587 1466 4644 eotti

224 4689 336 4750 Sucina
360 4689 418 4747 ieri
441 4687 507 4764 meir
528 4689 675 4748 heraeildi
698 4691 708 4748 i
730 4689 803 4748 land
824 4689 900 4748 hene
924 4709 960 4750 oc
982 4690 1073 4750 heldo
1107 4695 1229 4750 orroeto
1261 4689 1310 4749 frr
1343 4687 1465 4750 Neeiom
