3654 5336
380 349 439 412 tto
607 349 705 405 noua
721 349 854 404 saucur
872 351 984 405 ousvr
1003 351 1110 418 amors
1123 352 1172 406 uu
1188 347 1381 406 uamurms

310 573 314 580 ·
379 531 542 614 iuuentam
567 530 708 608 cultello.
742 550 837 613 quem
868 531 1137 614 manutenebat,
1169 531 1304 614 dobant
1333 530 1503 600 immemor
1529 529 1620 616 quod

379 635 538 716 dominica
562 635 633 706 dies
654 642 755 703 esset.
800 635 1000 720 [Obseruant
1030 641 1137 704 autem
1167 636 1201 705 in
1223 636 1386 718 Norrcgr'a
1407 654 1479 704 cum
1502 654 1618 718 magna

379 739 546 824 diligentia
568 740 638 807 dics
670 739 781 819 lasus,
813 759 873 808 nec
905 741 993 810 ubus
1022 741 1144 824 abquid
1173 741 1281 823 operis
1312 741 1420 824 magni
1448 741 1499 808 rel
1527 740 1617 824 parvi

377 844 484 910 iacere
506 845 697 928 prmsumit¹.
742 845 831 912 Unus
849 847 948 928 igitur
967 863 1006 912 arr
1026 847 1085 928 eis,
1109 848 1162 928 qui
1185 845 1384 914 assistebant
1404 841 1483 928 regi,
1504 844 1617 913 uidens

377 949 455 1032 quia
483 967 542 1016 rex
575 949 735 1016 dominica
766 950 819 1016 die
848 950 983 1029 dolaret
1018 969 1078 1018 nec
1106 957 1216 1021 tarum
1237 955 1352 1033 aperte
1374 965 1472 1018 ausus
1495 954 1547 1017 cst
1566 949 1615 1021 di·
1668 959 1685 1023 1

378 1071 461 1130 cere,
485 1053 575 1138 quod
597 1053 759 1125 dominica
781 1055 851 1122 dias
869 1059 975 1135 essct,
1003 1055 1065 1122 bac
1085 1055 1175 1127 illum
1204 1073 1284 1122 roca
1314 1053 1528 1124 commonuit:
1550 1053 1617 1135 ¹rio·

378 1158 463 1227 mino
485 1158 616 1242 (iuquit)
641 1177 707 1239 rex,
730 1177 801 1226 cras
824 1159 887 1224 crit
907 1161 1053 1231 secunda
1074 1159 1165 1250 teria.
1210 1158 1282 1242 Qua
1298 1158 1550 1230 commonitione
1561 1177 1623 1227 ram

378 1262 420 1332 ad
447 1280 484 1331 se
517 1279 693 1333 conversim
715 1269 758 1344 ct,
791 1265 870 1348 quia
896 1265 1017 1346 uirgam
1045 1265 1214 1335 dolaverat
1242 1263 1405 1338 dominica
1430 1262 1494 1340 die,
1518 1261 1616 1330 rebe·

378 1367 518 1434 mentius
541 1366 665 1446 dolona,
695 1385 808 1436 omnes
835 1369 1001 1436 dolaturas
1017 1370 1129 1452 ‘virge
1152 1368 1286 1452 collegit
1307 1375 1341 1441 et
1362 1368 1498 1436 collecta
1520 1384 1618 1450 super

378 1488 505 1554 manum
528 1489 620 1541 snam
652 1473 727 1556 igue
759 1472 906 1540 adhibito
936 1473 1123 1553 combussit
1153 1473 1271 1556 quibus
1302 1471 1482 1554 combustis
1502 1488 1620 1558 manus
1653 1486 1686 1538 to

380 1575 468 1662 illios
488 1576 594 1645 illaesa
614 1579 773 1662 apparuit.

463 1707 494 1750 x.
541 1681 693 1750 Rusticus
728 1683 858 1766 quidam
891 1682 940 1748 uir
970 1682 1107 1764 simplex
1136 1687 1170 1748 et
1198 1683 1352 1751 inuocans
1379 1681 1620 1770 aquibusdam
1737 1687 1743 1699 '

380 1785 569 1870 putentibus
593 1787 767 1868 prouincia
789 1787 885 1867 illius,
908 1787 1193 1882 iuquamauebat
1214 1805 1278 1854 non
1296 1787 1445 1876 justitia,
1468 1787 1529 1852 sed
1551 1785 1620 1862 odii

380 1907 481 1972 eausa
501 1889 586 1974 laiso
612 1890 777 1958 latrocinii
803 1910 903 1961 causa
929 1893 1108 1975 impetitur,
1139 1898 1173 1958 et
1202 1891 1388 1976 postposita
1411 1889 1621 1971 discussions

380 2011 505 2078 negans
536 1995 678 2064 trabitur
710 2004 743 2064 et
775 1997 978 2064 inimicorum
1012 1998 1201 2079 praejudicio
1235 1995 1412 2078 suspendio
1445 1995 1618 2064 addicunt
1654 2012 1686 2069 ro

380 2099 528 2184 Cumque
548 2100 662 2185 snmus
687 2105 720 2166 et
742 2101 939 2168 miserabilis
961 2102 993 2168 in
1016 2108 1114 2186 gauto
1137 2119 1292 2184 peruersa
1312 2099 1435 2169 nullum
1458 2118 1529 2169 oum
1546 2118 1618 2168 ora·

382 2211 434 2270 net
451 2205 588 2288 Justitiae
622 2205 731 2273 locum
763 2205 899 2288 viderat,
929 2207 978 2274 do
992 2207 1133 2279 humano
1155 2223 1288 2291 prorem
1309 2205 1466 2290 desporat
1487 2205 1618 2276 auxilio.

377 2309 473 2393 Unde
501 2310 542 2377 ad
574 2309 627 2376 dci
658 2309 913 2379 miscricordiam
943 2317 1016 2381 toto
1042 2329 1080 2378 se
1103 2312 1254 2382 istebat
1273 2315 1409 2394 pectore
1420 2297 1465 2381 'ot
1485 2310 1619 2385 boatum

378 2419 551 2503 martyrem
583 2413 722 2484 Olarum
755 2414 905 2482 obnixius
934 2417 1140 2499 deprecatur,
1172 2421 1211 2480 ut
1240 2416 1405 2485 innocenti
1434 2413 1497 2480 sibi
1531 2415 1618 2498 apud

377 2519 473 2591 dcam
502 2520 654 2604 precibus
676 2535 735 2602 pro
760 2519 892 2602 justitia
919 2521 1099 2600 *subveniat
1130 2522 1187 2603 qui
1214 2519 1406 2588 nocentibus
1427 2517 1619 2603 multotiens
1653 2534 1687 2588 ao

377 2625 635 2710 misericorditer
657 2642 676 2689 a
699 2623 812 2700 debita
833 2643 940 2710 poena
962 2628 1033 2695 suia
1055 2625 1209 2710 precibus
1233 2624 1360 2690 liberat.
1400 2622 1486 2704 Quid
1502 2623 1618 2706 plural

378 2731 429 2798 Ex
448 2731 547 2812 adipe
569 2730 693 2812 prodiit
714 2729 872 2812 iniquitas
891 2749 1011 2812 eorum,
1043 2732 1168 2816 absque
1198 2747 1290 2796 mora
1318 2729 1447 2797 transiit
1467 2729 1501 2794 in
1524 2727 1631 2804 adeor

377 2843 464 2920 turam
484 2835 689 2918 suspendunt
710 2834 868 2905 insontem
892 2837 1067 2918 suspendio
1091 2836 1187 2918 digni.
1231 2834 1352 2900 Verum
1380 2833 1462 2914 legis
1491 2839 1618 2918 scruto,

377 2945 430 3006 tor
452 2946 585 3007 sanctus
607 2939 729 3006 Olauus
749 2941 924 3008 miseretur
945 2940 1139 3008 miserabili:
1163 2937 1255 3008 abuit
1276 2938 1430 3007 clamanti
1451 2957 1510 3021 pro
1527 2939 1619 3007 iuno·

376 3046 487 3112 centia
511 3046 675 3130 justitiam
697 3046 890 3129 postulanti.
935 3044 1094 3112 continuo
1125 3044 1247 3125 itaque,
1275 3047 1313 3110 ut
1333 3063 1353 3109 a
1375 3048 1464 3110 turra
1490 3043 1617 3112 leuatus
1652 3065 1686 3116 ro

377 3157 439 3230 est,
462 3151 557 3233 quasi
575 3151 607 3216 in
628 3151 752 3217 visione
774 3151 864 3216 uisus
887 3155 942 3216 est
961 3150 1022 3215 sibi
1046 3154 1178 3217 sanctus
1199 3155 1319 3229 martyr
1334 3147 1456 3217 Olarus
1477 3148 1617 3228 pedibus

376 3256 446 3322 *auis
468 3273 612 3323 mucram
635 3255 860 3338 supposuisse,
883 3255 933 3321 cui
956 3255 1081 3320 innixus
1096 3270 1286 3335 pcrnoaem
1306 3250 1407 3318 lcrms
1426 3251 1618 3341 borssillae7

378 3377 433 3428 sus
452 3361 646 3444 permansit:
670 3361 773 3428 donec
794 3378 875 3427 uxor
896 3377 955 3424 sua
975 3367 1008 3426 et
1023 3355 1081 3422 lilii
1099 3375 1120 3424 a
1138 3355 1277 3437 quodam
1296 3355 1396 3422 nobili
1414 3361 1617 3426 reverteren-

377 3469 431 3530 tur
459 3465 634 3548 impetrata
662 3464 802 3544 licentia,
831 3469 868 3530 ut
895 3479 1013 3546 corpus
1036 3463 1239 3544 deponerent
1265 3467 1299 3528 ct
1327 3460 1505 3544 sepulturae
1531 3479 1617 3528 coru·

446 3705 455 3735 ¹
479 3719 555 3760 rarcet
580 3709 643 3761 elien·
664 3711 740 3762 Hom.
767 3715 813 3760 rot
838 3708 898 3770 (leg.
925 3707 994 3770 Siga
1011 3721 1033 3758 e.
1054 3703 1126 3768 nol:
1165 3705 1205 3756 lin
1222 3701 1323 3768 liorem
1340 3715 1416 3754 manu
1432 3703 1528 3754 balda
1543 3703 1617 3754 alud

377 3801 537 3863 messoriam,
563 3815 609 3850 sua
637 3810 663 3849 nt
688 3800 745 3864 engi
774 3796 844 3848 mabr
860 3795 955 3864 borea
975 3805 1002 3846 at
1019 3797 1096 3846 rinna
1115 3810 1157 3846 nm
1175 3792 1276 3852 hotibir‚
1294 3792 1391 3842 boaria
1408 3791 1491 3856 myklt
1508 3805 1540 3844 uo
1557 3791 1615 3842 litit.
1647 3843 1650 3850 ,

377 3887 554 3941 Observabant
570 3885 838 3960 enim-praeumebat
855 3885 928 3938 Broc.
946 3883 1006 3948 mssl·
1026 3883 1105 3938 Sleeu.

375 4103 518 4181 Mirakel)
542 4107 642 4164 under
661 4106 752 4166 Olera
783 4106 905 4184 Ophold
932 4108 942 4163 i
971 4103 1118 4172 Rusland‚
1150 4119 1189 4177 og
1216 4098 1516 4174 deeuerlagenden
1543 4097 1617 4156 hon·

372 4211 624 4279 Μαι-1111111161
646 4211 845 4288 ndtryklrellg
865 4211 902 4270 til
926 4209 984 4268 den
998 4207 1064 4267 uid
1086 4203 1168 4282 (ipso
1187 4207 1216 4263 in
1241 4203 1355 4264 Ruscia
1377 4195 1547 4276 existenti).

459 4295 513 4393 ΧΥ
531 4302 614 4376 H'onl'.
648 4317 790 4376 157-58
809 4310 868 4389 (x),
894 4316 954 4391 leg.
979 4311 1059 4387 Saga
1085 4312 1154 4377 111,
1184 4307 1233 4367 Su.
1258 4307 1331 4383 Lag.
1357 4307 1428 4377 871,
1457 4305 1529 4366 ikke
1558 4306 1616 4366 hos

377 4421 500 4494 Scurra,
533 4395 771 4481 brea''³der'im0d
793 4408 815 4478 i''
831 4415 893 4478 'deu
926 4423 1026 4484 sterce
1050 4413 1219 4490 Olsrssags
1247 4413 1257 4470 i
1287 4415 1319 4471 to
1347 4408 1542 4471 Membraner
1568 4409 1617 4468 ira

373 4526 658 4606 decretatis
682 4523 943 4608 subradens-2
963 4521 1041 4606 tio
1062 4519 1107 4609 ila
1127 4521 1199 4607 dib
1223 4515 1450 4596 ,bertolandane
1470 4515 1507 4598 lb
1540 4516 1617 4588 ¹⁸¹³

373 4626 1140 4714 tideomlmsrnbrsiarcltasdeuutba·aas
1161 4618 1276 4705 bruta
1335 4663 1354 4695 c
1435 4695 1438 4704 .
