3640 5342
1390 343 1452 404 27⁷

216 515 251 582 b.
307 517 371 586 Fra
405 519 622 598 „HISTORIE
655 523 939 592 PLURIMORUM
973 522 1232 592 ancTORUM
1265 523 1453 590 NOUITER

215 619 271 686 ET
292 621 532 692 uesomosu
554 627 612 694 EX
633 628 830 697 DIUERSIS
851 628 993 695 LIBRlS
1015 627 1061 694 IN
1083 627 1207 696 UNUM
1223 626 1451 694 COLLECTE.

575 731 754 800 LOUANII
773 732 1090 800 Mecocnxxxv.“

376 895 430 962 Dc
449 903 559 965 sancto
585 898 686 966 Oloao
708 921 780 984 repe
800 902 958 984 oorwcpie
979 921 1016 968 cc
1039 902 1128 966 doeio
1149 900 1288 965 oaortire.

162 1054 178 1100 ⁶
299 1047 467 1118 Gloriosus
490 1052 602 1117 martir
621 1051 745 1119 Olauus
773 1053 933 1134 norwegie
949 1070 1006 1118 rex
1026 1071 1085 1134 per
1106 1051 1287 1134 aliquorum
1309 1049 1452 1117 uirorum

212 1155 396 1219 sauctorum
429 1155 685 1237 predicationem
717 1175 894 1224 conuersus
919 1161 953 1223 et
983 1157 1024 1222 ad
1056 1174 1183 1223 sacrum
1209 1155 1374 1237 baptisma
1401 1173 1454 1220 su·

212 1259 347 1340 sceptus
370 1260 482 1326 statim
506 1280 545 1328 ex
566 1262 680 1329 ieuore
702 1262 779 1329 iidei
801 1262 1018 1346 apostolicum
1040 1279 1170 1329 sumens
1193 1259 1334 1326 officium
1357 1258 1453 1326 tidem

212 1361 324 1428 christi
352 1364 385 1429 in
408 1363 548 1432 diuersis
574 1367 723 1450 partibus
745 1368 837 1437 dacio
860 1373 894 1434 et
914 1367 1077 1448 norwegie
1099 1364 1283 1448 predicauit
1304 1370 1339 1432 et
1360 1365 1453 1431 innu-

213 1467 401 1536 merabilem
423 1471 578 1554 populum
602 1472 733 1539 domino
756 1473 938 1556 acquisiuit

149 1575 179 1621 ¹⁰
299 1581 446 1656 Quicum
469 1584 568 1645 adbuc
590 1586 715 1663 gentilis
738 1592 832 1646 esset.
855 1592 967 1646 ustura
986 1591 1088 1645 tamen
1105 1591 1173 1644 erat
1192 1584 1343 1660 benignus
1366 1586 1399 1642 et
1414 1581 1453 1641 cd

212 1686 343 1748 bonesta
365 1707 486 1766 queque
511 1691 670 1767 sequenda
693 1691 823 1768 quadem
845 1694 956 1751 mentis
979 1692 1170 1768 ingenuitate
1192 1689 1453 1766 promptissimus.

212 1791 268 1852 Hie
298 1793 475 1869 euangelica
503 1796 645 1855 cadmus
675 1798 852 1855 sinceritate
880 1797 912 1855 iu
941 1795 1043 1874 anglia
1069 1795 1142 1854 olim
1170 1797 1334 1870 comperta.
1362 1791 1453 1852 fidem

213 1901 279 1958 toto
312 1898 436 1960 admisit
468 1905 606 1978 pectore.
640 1905 672 1960 st
703 1902 743 1961 ud
775 1901 921 1980 baptismi
949 1903 1079 1978 gratiam
1109 1901 1141 1959 in
1175 1899 1253 1960 urbe
1281 1899 1454 1974 rothomagi

213 2001 327 2063 deuota
356 2005 447 2064 animi
474 2005 632 2066 alacritate
661 2008 826 2068 conualuit.
876 2006 1058 2087 Purificatus
1082 2025 1155 2082 ergo
1177 2006 1302 2064 lauacro
1326 2003 1454 2063 salutari

149 2097 179 2144 ¹⁵
214 2113 342 2184 repente
365 2113 499 2170 mutatus
519 2112 551 2170 in
572 2113 674 2172 uirum
696 2113 788 2172 alium
810 2111 926 2172 oblitus
950 2131 1008 2188 que
1032 2115 1116 2170 retro
1140 2116 1221 2170 sunt.
1243 2110 1276 2168 iu
1299 2109 1455 2168 anteriora

213 2229 248 2270 aa
270 2213 417 2274 extendit.
467 2215 504 2274 In
532 2217 668 2277 uocitata
690 2219 754 2276 uite
776 2235 867 2295 quarn
889 2218 1036 2293 suscepit
1061 2216 1241 2291 religionem
1263 2213 1454 2290 perfectissi-

213 2333 279 2375 mus
306 2316 488 2379 observator
514 2321 690 2382 ambulabat
712 2322 866 2382 Sordebat
893 2323 921 2381 si
951 2323 1048 2382 omnis
1076 2338 1156 2382 naua
1183 2319 1319 2380 dilectio.
1340 2323 1372 2377 et
1393 2323 1454 2377 ter·

213 2421 280 2480 reni
300 2423 387 2498 regni
409 2423 508 2499 gloria
529 2444 585 2503 pre
607 2425 770 2486 dulcedine
793 2425 901 2486 celesti
922 2424 1142 2486 inualescebat
1164 2427 1195 2483 in
1217 2423 1315 2500 regali
1338 2424 1454 2484 conati-

213 2529 299 2586 tutue
321 2527 446 2605 fastigio
468 2530 582 2606 spiritu
603 2549 722 2608 pauper
744 2534 819 2590 erat.
843 2536 875 2589 et
893 2531 979 2606 regni
999 2530 1136 2606 negociis
1152 2528 1337 2605 implicatus.
1359 2527 1455 2588 nichi-

148 2629 180 2672 ’θ
215 2630 346 2692 lominus
373 2634 500 2693 celestia
528 2634 743 2695 meditabatur.
796 2634 950 2711 Quicquid
977 2635 1082 2694 diuina
1110 2634 1159 2694 lex
1186 2633 1333 2709 probibet
1359 2632 1451 2692 usbe-

215 2743 334 2796 menter
355 2738 549 2800 abhorrebat
600 2739 750 2818 Quicquid
780 2741 914 2818 precipit
942 2739 1159 2800 ardentissimo
1189 2738 1453 2815 complectebatur

214 2839 336 2902 affectu.
386 2843 450 2903 Nec
487 2846 615 2922 propria
643 2844 743 2904 salute
772 2849 946 2905 contentus.
970 2843 1103 2922 populos
1128 2843 1239 2920 quibus
1263 2843 1368 2904 dicium
1391 2841 1452 2900 dis·

214 2951 364 3023 pensante
386 2949 590 3024 procidencia
615 2954 748 3026 preerat
776 2950 817 3010 ad
846 2949 936 3010 iidem
967 2948 1108 3027 uigilanti
1131 2951 1313 3010 conuertere
1334 2945 1452 3006 niteba-

214 3055 265 3112 tur
290 3053 447 3113 instantia.
502 3053 544 3114 Et
575 3074 657 3115 nouo
689 3074 790 3114 rerum
820 3056 927 3115 ordine
957 3075 1012 3114 rex
1044 3054 1177 3131 apostoli
1208 3055 1277 3114 uice
1309 3053 1452 3128 iungens.

147 3151 179 3196 ‘²⁵
214 3156 295 3216 idem
316 3157 377 3218 dux
398 3159 487 3218 uerbi
509 3159 615 3220 christi
637 3161 766 3236 gratiam
787 3161 904 3237 passim
923 3159 1063 3220 omnibus
1082 3158 1273 3237 predicabat.
1317 3157 1453 3217 Nonnul-

212 3262 260 3320 lca
293 3262 385 3322 etiam
418 3263 640 3339 predicationis
674 3284 734 3342 que
768 3265 879 3326 diffusa
911 3270 979 3323 erat
1010 3267 1041 3322 in
1073 3263 1164 3324 labiis
1197 3263 1263 3322 eius
1293 3263 1401 3338 gratia.
1436 3281 1455 3320 a

214 3367 385 3444 nephandis
409 3368 571 3429 demonum
593 3369 726 3429 cultibus
750 3369 996 3445 adagnitionem
1018 3373 1050 3428 et
1071 3368 1276 3428 reuerentiam
1298 3369 1346 3426 sui
1370 3385 1454 3426 crea·

215 3472 292 3530 toris
315 3471 446 3531 reduxit.
488 3473 659 3534 Nonnullae
688 3473 729 3534 ad
756 3474 852 3534 seculi
880 3478 1088 3549 contemptum
1111 3476 1143 3531 et
1164 3491 1297 3532 amorem
1319 3489 1453 3546 superne

217 3575 326 3650 patris.
351 3576 498 3638 mirabilia
530 3579 596 3637 eius
625 3579 749 3638 deuotio
778 3583 810 3638 et
835 3580 901 3639 uita
923 3579 1187 3638 continentissima
1208 3575 1387 3636 medullitus
1409 3577 1453 3636 in-

151 3677 183 3720 ³⁰
217 3677 392 3739 flammauit
437 3681 650 3743 Verumtamen
683 3683 715 3740 in
751 3683 852 3742 medio
874 3683 1008 3742 nationis
1031 3702 1127 3760 praue
1148 3687 1179 3740 et
1200 3700 1348 3758 peruerse
1371 3681 1454 3758 posi·

215 3787 277 3844 tua.
310 3785 385 3844 licet
415 3786 527 3846 inultos
559 3791 762 3846 conuerteret.
797 3806 888 3863 quam
915 3788 1065 3863 plurimos
1094 3787 1228 3847 babebat
1257 3785 1453 3844 aduersarios
1548 3768 1552 3776 ¹
1638 3777 1642 3786 '

216 3891 314 3950 fortas
342 3894 375 3948 et
403 3896 557 3968 potentes.
580 3895 612 3951 in
634 3891 746 3968 quibus
767 3893 913 3950 maiorem
934 3892 1035 3952 locum
1058 3893 1117 3952 sibi
1139 3890 1325 3952 nondicebat
1346 3889 1454 3948 uolun-

215 4001 264 4056 tas
299 4013 388 4073 quam
419 3997 521 4072 pietas
555 3995 746 4057 consuetudo
776 4013 866 4073 quarn
903 3997 992 4056 ratio.
1026 3997 1119 4057 animi
1154 4015 1285 4073 preceps
1321 3996 1454 4070 impetus

216 4119 305 4178 quam
329 4119 413 4161 amor
433 4103 585 4161 ueritatis.
637 4101 741 4161 Iustus
764 4106 865 4160 antem
888 4105 923 4160 nt
944 4101 992 4160 leo
1015 4101 1172 4163 confidens
1196 4101 1312 4177 absque
1335 4103 1454 4158 terrore

151 4219 182 4264 aa
219 4208 295 4265 erat.
324 4211 356 4265 et
382 4209 469 4266 iuxta
496 4207 667 4283 exemplum
689 4205 742 4266 lob
765 4225 826 4265 non
850 4207 1078 4283 expauescebat
1099 4207 1139 4266 ad
1160 4205 1387 4265 multitudinem
1409 4203 1455 4262 ni·

218 4309 306 4368 rniam
328 4331 384 4370 nec
407 4311 568 4388 despectio
591 4313 833 4388 propinquorum
855 4331 923 4372 eum
944 4313 1091 4372 terrebat.
1115 4310 1344 4370 aduersantium
1366 4309 1454 4367 minis

217 4415 269 4475 uel
300 4415 421 4475 insidiis
451 4436 470 4475 a
500 4417 674 4474 constantia
701 4416 921 4492 predicationis
948 4419 1048 4476 auerti
1077 4419 1209 4491 potarat.
1254 4412 1456 4474 Confluebant

218 4517 258 4579 ad
284 4519 439 4598 baptisma
468 4523 607 4580 certatim
634 4520 750 4598 populi.
781 4527 813 4581 at
839 4541 983 4582 numerus
1008 4521 1197 4582 credentium
1220 4520 1389 4596 augebatur
1410 4521 1455 4577 in·

219 4624 297 4688 dier.
339 4623 589 4702 Edringebantur
617 4629 730 4687 statne.
757 4627 996 4688 succidebantur
1028 4627 1099 4688 luci.
1128 4626 1348 4688 eucrtsbautur
1371 4624 1455 4686 delu-
