3668 5348
385 347 426 412 48
810 348 1003 412 morimur
1020 353 1184 416 ΜΟΜΟΗΙ
1280 395 1283 406 .

386 531 476 593 tuum
501 529 707 605 contradidit.
753 531 886 603 Garoias
906 537 1019 620 itaque
1040 558 1099 606 rex
1119 541 1341 608 exauctoravit
1361 557 1470 621 regem
1492 545 1621 626 Longo·

385 629 506 697 burdin
529 637 562 698 et
581 633 735 700 Viennam
759 636 791 700 in
815 640 943 708 exilium
967 642 1063 722 misit,
1092 646 1270 710 restituens
1289 645 1319 709 ei
1338 662 1470 724 uxorem
1489 653 1526 714 et
1543 647 1622 712 iibe-

386 751 440 800 roa
464 737 700 821 pecuniamque
716 739 941 824 sufficientem,
961 746 1138 814 clementer
1157 751 1190 812 et
1209 749 1349 828 tentum
1372 768 1446 816 eum
1467 755 1621 820 tractans.
1691 818 1693 824 ,

385 838 433 904 Ex
464 837 522 906 illo
555 859 632 922 ergo
666 849 814 928 tempore
847 849 987 915 liberata
1007 858 1059 917 eat
1082 851 1222 918 arderia
1244 853 1389 919 Romana
1411 874 1432 919 a
1452 855 1623 935 tyrannide

384 941 670 1022 Longobardorum
689 953 846 1020 instantia
871 959 905 1020 et
928 955 1085 1023 benefida
1111 957 1383 1024 christianissimi¹
1409 960 1494 1042 regia
1515 958 1623 1026 Caroli
1674 967 1689 1010 ⁶

383 1053 460 1128 poet
479 1066 581 1120 anuos
603 1052 677 1133 plus
698 1059 803 1129 minus
824 1065 998 1140 trecentos,
1020 1079 1059 1126 ex
1081 1058 1161 1142 quo'
1186 1063 1325 1142 primurn
1347 1062 1534 1132 invaserant
1554 1064 1620 1132 Ita·

383 1151 468 1219 liam.
515 1152 582 1218 Sed
603 1162 825 1240 regrediemur
847 1164 879 1231 in
902 1164 1116 1246 Norwagiam.

404 1355 483 1437 Gap.
506 1351 620 1422 XXIV.
671 1352 766 1434 Quod
788 1353 874 1418 idem
896 1353 1032 1433 Magnus
1055 1352 1221 1420 Denorum
1244 1307 1455 1422 rex'effectus
1477 1357 1599 1458 beilum

778 1459 930 1536 habuerit
951 1475 1022 1524 oum
1045 1455 1223 1526 wandalis.
1267 1539 1270 1546 Δ

466 1627 536 1692 Non
560 1628 661 1693 mutto
679 1631 757 1708 post
774 1643 873 1707 supra
890 1631 1101 1692 memoratam
1122 1627 1326 1692 concordiam
1346 1628 1480 1694 duorum
1498 1645 1620 1710 regum,
1658 1635 1689 1678 10

268 1733 271 1738 '
380 1731 488 1812 Magni
521 1736 555 1795 et
587 1731 715 1811 deeuti,
750 1729 922 1795 defunctus
957 1735 1008 1794 eat
1035 1729 1120 1794 idem
1149 1731 1299 1796 Kauutuo
1334 1731 1455 1813 absque
1491 1733 1621 1800 herede.

384 1835 455 1914 Quo
478 1839 645 1917 comperto
668 1833 805 1914 Magnus
829 1851 886 1899 rex
907 1839 1103 1915 congregata
1122 1835 1227 1899 clause
1246 1835 1409 1916 navigavit
1425 1837 1458 1900 in
1475 1837 1621 1918 Daciam,

381 1942 435 2009 ubi
458 1945 534 2004 tuno
556 1957 576 2004 a
598 1938 796 2020 principibus
820 1937 921 2018 regni,
944 1938 999 2018 qui
1018 1937 1213 2018 supradicte
1231 1939 1371 2018 pactioni
1394 1939 1621 2020 interfuerant,

380 2040 558 2110 honorifice
581 2043 759 2124 sureipitur
782 2041 868 2108 etin
891 2059 1003 2122 regem
1026 2041 1227 2107 sublimatur.
1272 2042 1365 2120 Quod
1387 2061 1458 2108 eum
1476 2045 1623 2112 audieret

380 2149 499 2214 Sueino
523 2147 608 2213 filius
627 2146 697 2212 Ulis
721 2151 754 2209 et
777 2145 915 2210 Astridis
939 2147 1059 2211 sororia
1077 2145 1197 2211 Kanuti
1218 2147 1307 2228 regis
1326 2147 1459 2227 Augure,
1481 2148 1619 2214 collecto
1658 2159 1688 2208 1⁵

290 2316 292 2320 ,
379 2253 523 2318 exercitu
553 2267 749 2331 congressus
778 2255 828 2313 est
850 2267 921 2314 oum
943 2247 1062 2330 Magno
1085 2249 1191 2314 navali
1212 2249 1337 2330 proelio
1361 2253 1401 2316 nb
1424 2251 1620 2335 eodemque⁸

383 2375 457 2422 mox
472 2357 577 2422 victus
591 2355 724 2435 aufugit.
759 2353 842 2417 Dum
855 2352 925 2418 hoec
944 2361 1124 2434 agerentur,
1140 2354 1297 2433 Wandali,
1310 2371 1390 2436 quoa
1403 2372 1463 2419 uon
1475 2361 1621 2422 materna

454 2618 459 2649 ¹
491 2619 550 2672 Au.
568 2619 745 2676 obriutianiami
763 2619 789 2672 S.
836 2617 846 2644 '
867 2617 886 2672 S
912 2618 1030 2670 tilioieri
1051 2595 1169 2668 ltanden:
1199 2617 1263 2668 forto
1289 2618 1457 2686 Lougobardi.
1477 2619 1514 2670 K:
1541 2619 1621 2681 (deest

384 2709 570 2772 Langobardi).
607 2705 695 2760 3ΔΚ.
714 2709 802 2760 eodem
822 2707 848 2758 S.

469 2933 498 2990 6.
541 2927 612 3006 plus
634 2931 732 2993 minna
755 2917 924 3001 trecentos]
955 2925 1176 2997 „Scribandum
1196 2928 1357 2988 ducentos.
1401 2929 1476 2990 Nam
1498 2931 1617 3007 Longo-

384 3032 472 3104 bardi
499 3037 553 3095 An.
579 3037 639 3096 568
667 3032 838 3092 Pannoniae
867 3031 985 3106 egressi
1008 3029 1084 3088 duca
1105 3031 1236 3090 Alboino
1259 3035 1290 3092 iu
1312 3033 1433 3095 Italiam
1454 3035 1620 3094 contende·

379 3115 455 3198 'aunt
467 3139 571 3214 ibique
582 3157 708 3214 regnum
720 3137 954 3194 constituerunt.
1000 3133 1180 3192 Desideriua
1202 3155 1275 3194 vero
1291 3138 1414 3206 ultimus
1431 3157 1485 3196 rex
1501 3139 1620 3214 Longo-

384 3241 549 3305 bardoruuo
572 3263 589 3300 a
612 3240 723 3300 Carolo
745 3225 857 3314 Magno
881 3239 978 3297 vietus
1001 3241 1049 3296 eat
1069 3240 1127 3294 An.
1152 3241 1210 3296 773
1236 3231 1335 3316 [774].
1379 3241 1509 3304 Duravit
1527 3245 1621 3320 igitur

384 3365 510 3424 ragnum
533 3344 805 3422 Lougobardorum
826 3344 857 3400 in
880 3341 969 3399 Italia
990 3359 1086 3400 anuos
1109 3343 1169 3402 205
1194 3333 1314 3418 [206].“
1358 3342 1571 3406 JKirehmann.

471 3453 521 3512 10.
564 3469 625 3511 non
636 3439 746 3522 multo]
762 3427 940 3530 eml.,A'grip
955 3448 1172 3516 57-58:·„oo
1194 3447 1347 3522 nudatione
1366 3449 1464 3510 Kuutr
1475 3451 1559 3510 fvrri.
1583 3472 1621 3511 en

385 3555 521 3632 Magnus
549 3559 600 3614 tou
623 3554 661 3628 {ra
686 3552 737 3626 nib
763 3549 917 3608 Danmore
937 3550 984 3608 fvr
1006 3553 1078 3608 vten
1099 3541 1267 3630 gagamaieli.
1291 3552 1373 3626 {iniat
1395 3573 1486 3614 saner
1507 3555 1619 3629 berthtn

386 3678 495 3736 manna
515 3677 590 3718 uero
613 3658 624 3713 ί
646 3655 838 3732 gislinginne.
881 3653 948 3712 Eun
979 3654 1017 3728 ba
1046 3675 1079 3713 er
1102 3655 1212 3714 Sueinn
1236 3675 1310 3716 auur
1332 3657 1398 3718 uus
1422 3679 1458 3720 oo
1480 3659 1621 3734 Adtritar

387 3768 488 3824 avator
499 3763 598 3822 nunu
610 3759 689 3823 rikia
705 3759 812 3837 opunti
828 3758 936 3833 {rottei
952 3757 1112 3834 Englandi.
1136 3757 1175 3834 ire
1192 3758 1281 3833 adniti
1298 3761 1378 3820 boun
1399 3761 1538 3840 allauega
1549 3765 1620 3822 hera

387 3887 422 3926 er
441 3868 522 3926 herm
544 3865 641 3927 matti.
665 3883 701 3922 an
723 3863 860 3938 Mergens
883 3867 915 3924 at
935 3865 1009 3920 moti
1031 3879 1067 3922 oo
1088 3863 1220 3920 funnnao
1243 3883 1261 3922 a
1283 3866 1400 3939 eoipom
1420 3865 1471 3940 uit
1494 3886 1548 3926 nea
1570 3867 1622 3941 bat

387 3991 420 4030 er
443 3970 534 4028 oellat
555 3988 590 4026 er
611 3967 762 4043 Helganea
785 3987 821 4026 oo
843 3966 934 4024 heldo
956 3966 1092 4042 bar-daga
1112 3986 1148 4024 oo
1173 3964 1243 4039 flvbi
1257 3965 1368 4026 Sveinu
1384 3969 1421 4026 til
1439 3967 1619 4028 Vinlandz.“

386 4073 592 4134 Stedenavnet
624 4071 776 4147 Helganea
810 4069 980 4146 gjenfindea
1013 4071 1146 4145 langere
1178 4069 1258 4128 node
1290 4071 1346 4130 hon
1374 4071 1457 4147 Thj.;
1490 4093 1556 4132 men
1587 4079 1619 4133 at

387 4177 478 4236 Svein
507 4173 548 4236 fik
575 4175 666 4252 Hjelp
698 4175 745 4233 fra
773 4175 933 4234 Venderne
956 4192 996 4249 og
1014 4173 1094 4238 farte
1119 4173 1186 4232 dem
1207 4173 1244 4230 til
1267 4161 1430 4244 Daumark.
1453 4195 1487 4235 er
1509 4179 1618 4237 naben-

384 4282 455 4338 bart
487 4301 524 4338 en
554 4280 770 4338 Kombinetion
803 4279 836 4337 af
860 4279 944 4336 Forf.
973 4277 1005 4336 af
1025 4257 1135 4354 Agrip,
1167 4277 1226 4336 den
1253 4279 1384 4356 kjeudee
1411 4281 1483 4340 ikke
1507 4283 1620 4342 anden-

385 4385 528 4442 atedsira.

473 4490 519 4546 17.
564 4479 718 4562 wandali]
747 4485 817 4561 tyak
847 4504 886 4561 og
912 4485 1097 4546 nordfransk
1125 4485 1209 4546 Neon
1233 4507 1292 4564 pau
1321 4489 1483 4559 Venderne
1513 4493 1524 4554 i
1548 4493 1617 4552 luto

384 4592 613 4665 Aarhundrede,
652 4611 686 4650 ee
725 4592 746 4649 f.
788 4589 844 4647 Ex.
881 4587 1042 4649 Annalieta
1080 4591 1174 4667 Seno:
1225 4592 1388 4651 sclavonia
1429 4615 1447 4652 a
1489 4595 1619 4656 Winulia
