3668 5348
355 367 521 420 nrsnorrm
539 347 587 418 nn
605 359 842 424 naumurum
858 362 983 418 aunum
999 365 1312 418 uoawnumusrunr.
1407 371 1443 432 41

210 549 466 632 proculdubio,
494 553 620 615 remota
650 552 735 616 amni
759 550 980 630 ambiguitate,
1004 555 1041 614 ut
1063 551 1241 615 sceleratos
1264 556 1298 615 et
1319 551 1446 632 iniquos

211 673 230 718 a
260 653 418 719 bonorum
447 655 677 736 persecutione
706 661 936 735 compesceret,
966 654 1085 719 Christi
1119 655 1242 720 sancita
1277 655 1446 733 stabiliret,

213 758 254 824 de
277 757 460 824 durissimis
480 757 644 840 lapidibus
667 761 694 824 si
716 760 787 826 fieri
807 761 975 845 potuisset
996 759 1080 824 lilios
1104 759 1241 824 hbrahae
1264 761 1447 825 suscitaret.

212 861 291 927 lina
316 863 364 926 ita
394 861 498 927 inisse
526 863 707 928 certissime
737 865 904 932 declarant
937 865 1126 949 quotidiana
1147 863 1304 930 beneiiola
1329 867 1362 929 et
1385 881 1447 928 non

161 975 178 1020 ⁵
214 965 319 1031 minus
353 966 468 1032 crebra
498 965 609 1048 quam’
636 969 793 1035 inusitata
819 969 984 1050 miracala,
1015 987 1086 1052 quae
1120 970 1324 1050 omnipotens
1359 969 1446 1033 Deus

211 1069 363 1152 dignatur
383 1073 511 1153 operari
541 1090 601 1154 per
630 1074 699 1155 eJus
733 1076 858 1156 merita,
887 1093 951 1139 non
980 1075 1011 1139 in
1037 1079 1150 1140 nostra
1173 1073 1314 1153 regione,
1337 1091 1446 1139 uerum

211 1175 395 1257 ubieunque
411 1175 556 1242 locorum
569 1181 637 1242 eta
655 1179 898 1262 quibuscunque
910 1179 1062 1244 auxilium
1083 1177 1171 1244 beati
1195 1179 1344 1261 martyris
1367 1176 1445 1243 hde-

211 1277 287 1345 litor
308 1280 509 1362 imploratur.
554 1279 671 1348 Videre
693 1289 743 1348 eet
766 1285 865 1348 etiam
891 1303 984 1367 quam
1009 1283 1137 1363 devote,
1159 1298 1253 1365 quam
1275 1277 1449 1365 diiigenter

212 1383 310 1449 etiam
332 1383 498 1451 insecutus
521 1387 564 1451 sit
585 1387 701 1453 beatus
722 1389 787 1454 iste
809 1390 948 1470 vestigia
970 1387 1056 1452 illius
1079 1389 1173 1470 primi
1196 1387 1365 1454 vexilliferi
1388 1388 1448 1452 sal·

144 1503 177 1549 ιο
211 1489 333 1555 valona
349 1491 460 1570 nostri,
482 1489 636 1556 videlieet
656 1491 840 1558 beatissimi
862 1493 1110 1576 protomartyris
1123 1491 1294 1575 Stephani:
1319 1491 1378 1558 Ille
1399 1493 1447 1556 in-

211 1600 262 1660 ter
282 1593 490 1662 torrentium¹
511 1595 645 1662 imbrem
665 1596 808 1680 lapidum
828 1617 888 1682 pro
906 1598 1127 1680 lapidantibus
1147 1599 1300 1680 exoravit,
1318 1598 1450 1679 ietepro

210 1699 499 1782 interemptoribus
518 1699 586 1764 suis
606 1699 704 1766 etiam
728 1703 948 1786 eleemosynas
971 1704 1098 1782 erogari
1113 1703 1216 1783 jubet.
1257 1701 1323 1768 Sed
1343 1703 1377 1766 in
1398 1701 1449 1766 his

213 1803 362 1870 omnibus
394 1803 450 1868 illo
483 1804 708 1884 agnoscendus
742 1813 803 1884 est,
832 1806 888 1872 ille
915 1807 1106 1885 laudandus,
1136 1807 1193 1874 ille
1216 1805 1451 1886 glorificandus,

216 1909 270 1992 qui
294 1913 328 1974 et
349 1909 382 1974 in
403 1907 507 1991 prima
529 1909 698 1976 vocatione
721 1910 812 1975 dedit
833 1911 929 1976 iidem
953 1901 1041 1976 et'in
1064 1916 1210 1978 extrema
1227 1912 1451 1977 constantiam.

148 2017 179 2064 ¹⁶
301 2011 436 2078 Collatis
465 2011 576 2096 itaque
606 2012 706 2092 signis
738 2013 865 2080 ferebat
896 2015 1045 2082 uexillum
1073 2021 1148 2081 aute
1171 2033 1280 2095 regem
1302 2017 1351 2080 uir
1372 2021 1455 2082 stre·
1572 2021 1574 2028 '

215 2135 297 2184 uuus
321 2117 449 2184 nomine
473 2113 600 2196 Riom⁴3
623 2117 676 2182 hio
700 2117 731 2182 in
754 2119 858 2200 primo
882 2121 993 2186 statim
1015 2137 1192 2202 congressu
1215 2120 1341 2186 occisus
1365 2125 1456 2186 esta

217 2221 316 2288 Thori
340 2221 438 2300 hund,
468 2221 524 2304 qui
560 2221 695 2304 primaru
732 2222 833 2288 aciem
874 2223 1013 2292 ducebat
1045 2222 1171 2290 oontro⁵
1204 2241 1323 2304 regem.
1378 2223 1455 2288 llioo

216 2325 412 2393 subsecutus
441 2327 492 2391 eet
521 2342 657 2392 occasus
683 2328 781 2407 regis,
815 2331 949 2410 accepto
977 2333 1015 2393 ut
1043 2327 1147 2394 fertur
1170 2327 1302 2394 uulnere
1324 2328 1456 2410 ingenti.

217 2431 296 2510 Quis
319 2430 348 2494 ei
371 2446 486 2494 manus
509 2429 664 2508 intulerit,
687 2435 795 2497 utrum
819 2449 917 2498 uuum
947 2450 988 2495 au
1017 2431 1112 2514 plura
1136 2432 1270 2497 uulnera
1293 2430 1455 2510 habuerit,

146 2537 179 2582 ²⁰
219 2535 295 2616 quia
317 2553 336 2600 a
359 2533 495 2599 diversis
527 2531 656 2600 diuersa
687 2533 857 2616 dicuntum,
889 2553 947 2600 nos
970 2534 1014 2600 uil
1038 2539 1161 2601 temere
1184 2533 1343 2602 affirmare
1365 2537 1455 2600 volu-

219 2657 290 2704 mus
313 2655 375 2704 neo
398 2635 546 2705 officioso
570 2637 737 2704 mendacio
761 2637 896 2706 aliorum
919 2657 1014 2706 aures
1037 2639 1244 2718 demulcere„
1276 2639 1365 2722 Dagr
1380 2658 1456 2706 vero

220 2759 302 2808 unus
326 2741 585 2826 exprincipibus
607 2741 692 2826 regis
715 2761 774 2810 ueo
795 2763 859 2809 non
883 2747 917 2810 at
939 2748 1096 2824 cognatus
1120 2743 1199 2824 ejus,
1221 2761 1358 2810 cernens
1381 2761 1455 2810 vex·

217 2847 308 2914 illum
332 2864 398 2911 una
414 2864 486 2911 cum
504 2865 581 2930 rege
601 2847 782 2926 cecidisse²‚
804 2847 940 2914 uiriliter
957 2846 1038 2917 illud
1057 2847 1158 2914 erexit
1176 2847 1326 2914 hortatus
1347 2847 1454 2915 socios

211 2957 247 3018 et
267 2951 462 3032 obtestatus,
483 2955 521 3016 ut
543 2949 870 3035 [necemregie⁸.uon
892 2952 994 3019 velint
1013 2949 1159 3031 inultam,
1181 2969 1222 3018 ne
1246 2953 1457 3033 seminatam

284 3117 293 3150 ⁸
320 3119 379 3174 Ali
396 3133 475 3174 rauna
502 3131 541 3172 eal
565 3121 654 3187 procul
682 3121 759 3172 dnbio
785 3134 902 3186 prumpta
923 3120 950 3174 S.
991 3119 1082 3182 ’ΒΜ
1104 3119 1206 3172 adeladt
1222 3121 1248 3173 K
1303 3119 1383 3174 ’aa
1407 3131 1455 3172 ter·

215 3211 325 3262 rontium
342 3211 376 3260 Κ.
412 3205 523 3260 *ΑΒΚ
542 3211 621 3260 Blera
640 3209 666 3259 S.
708 3203 796 3259 ’ΔΚ
815 3221 873 3260 ante
891 3210 916 3261 S.
955 3205 1035 3262 ‘AS
1054 3212 1171 3261 dieantur
1190 3209 1222 3258 Κ.
1260 3207 1367 3262 'AKS
1386 3210 1454 3272 (med

213 3307 296 3350 auerte
313 3299 383 3361 niger
399 3297 494 3348 Sabin:
513 3298 540 3348 ln
558 3295 647 3348 oodlee
664 3295 816 3365 lingum
834 3295 976 3358 ocoldime).
1013 3294 1026 3328 ⁸
1044 3299 1101 3350 ΑΚ,
1121 3301 1186 3361 ragis
1203 3313 1290 3350 neuen
1309 3299 1336 3350 S.

302 3473 350 3530 10.
395 3459 558 3544 Stephani]
593 3469 658 3526 sml.
686 3469 754 3526 noe
783 3473 883 3544 apost.
912 3467 974 3540 vll,
1010 3473 1149 3530 58-59r
1204 3469 1245 3528 Et
1276 3470 1456 3546 lapidabant

216 3572 405 3648 Stephanum
426 3574 619 3630 inundantem
641 3578 674 3630 at
695 3573 862 3631 dinanum:
897 3573 1025 3634 Domine
1047 3574 1132 3647 loen,
1163 3576 1286 3650 msoipe
1315 3575 1455 3650 spiritum

216 3691 325 3734 marn.
368 3675 481 3735 Positis
506 3680 606 3734 aursni
629 3675 760 3752 genibus
783 3675 925 3736 olamartt
944 3695 1019 3737 rouo
1042 3693 1151 3754 magna
1172 3678 1293 3737 disens:
1317 3675 1455 3748 horona,

216 3800 257 3840 no
278 3782 396 3840 nutura
416 3781 480 3838 illl·
502 3781 560 3839 hoo
582 3781 753 3856 pennatum.

306 3887 354 3945 ln.
397 3876 554 3960 vexillum]
589 3883 751 3960 alvigende
784 3885 833 3942 ira
866 3885 986 3961 Signata
1020 3881 1096 3946 Vero
1125 3887 1181 3947 hoa
1211 3884 1326 3946 Snorre
1347 3884 1453 3955 (llskr.

218 3991 291 4063 neo,
314 3989 383 4048 sm.
405 3985 494 4059 raa).
574 4037 579 4048 .

307 4093 354 4150 l'i.
399 4111 417 4150 ι
438 4091 531 4152 Thuri
552 4086 649 4170 hund]
671 4095 737 4152 erni.
762 4095 912 4152 Heinrelnr.
936 4097 996 4155 489
1019 4113 1060 4172 og
1081 4095 1153 4155 492.

307 4199 354 4254 le.
398 4195 489 4272 plana
522 4190 662 4274 uulnera]
696 4197 754 4258 den
793 4198 989 4276 almindollgp
1024 4201 1183 4260 ialandnlre
1215 4199 1383 4271 Traditiun,
1423 4217 1456 4257 aa

220 4281 332 4376 Agrip,
353 4299 412 4376 leg.
439 4300 519 4376 Saga
541 4303 590 4374 93,
615 4303 727 4362 Snorre
750 4299 841 4362 lhkr.
862 4305 938 4370 193.

307 4403 358 4462 21.
400 4395 497 4480 Dagr]
527 4405 610 4464 Fari.
640 4407 770 4481 lrjender
798 4406 870 4466 ikke
899 4407 1016 4484 Sagnet
1041 4427 1100 4481 om,
1133 4413 1164 4467 at
1185 4409 1252 4485 Dag
1280 4407 1361 4474 iurat
1388 4407 1458 4466 lrom

219 4508 257 4566 til
279 4509 379 4567 under
400 4507 538 4585 Kampen
560 4503 667 4584 (flam.
690 4504 766 4584 lat)
789 4511 866 4569 oller
885 4512 987 4587 endog
1010 4512 1089 4571 ester
1110 4513 1255 4589 Kougenr
1273 4511 1349 4572 said
1371 4511 1457 4588 (Leg.

223 4611 305 4689 Saga
326 4613 376 4685 94,
400 4611 465 4670 sunl.
489 4608 560 4687 85);
583 4593 683 4689 Agrip
706 4633 828 4674 nauuer
850 4615 918 4676 ham
938 4615 1022 4678 ikke.
