3646 5348
1408 369 1452 435 iil

212 560 234 612 ei
252 577 296 612 eea
314 574 441 626 nunquam
461 555 568 612 antehac
586 557 668 610 editoe
680 565 706 610 at
717 571 775 610 cum
793 557 1011 621 tineisbiattieque
1029 557 1203 620 depugnantes
1216 555 1344 606 elatebria
1361 563 1387 606 et
1404 556 1453 606 situ

211 651 370 701 exmaherem
389 665 419 700 aa
436 649 576 714 posteritati
596 647 756 716 vindicarem.
793 642 916 708 (linteoli)
935 661 1003 697 anno
1021 641 1196 695 Mocxxtx
1215 646 1255 695 dle
1267 643 1362 694 XVIII
1380 643 1453 708 Meji.

425 809 455 865 4.
498 807 602 864 Joaaru'
623 805 805 864 ffirchrnenae
828 805 860 863 S.
886 805 923 862 D.
949 797 1071 861 Jocnaes
1095 803 1238 860 Meureiue.

277 929 376 980 Litcrae
399 937 466 987 toas,
489 931 528 979 vir
550 929 696 988 clarissime,
719 937 786 978 reete
809 928 871 977 mibi
895 929 1004 976 reddidit
1029 925 1127 990 collega
1152 940 1220 974 meua
1242 925 1275 974 D.
1293 923 1454 976 Christianus

212 1019 336 1069 Matthite.
373 1017 413 1069 De
430 1019 553 1083 scriptore
571 1019 615 1068 illo
634 1026 749 1082 utroque,
767 1018 834 1082 quod
851 1015 963 1079 inquiris,
982 1022 1098 1064 neutrum
1117 1015 1249 1064 habemus:
1270 1015 1355 1080 itaque
1373 1030 1454 1076 quen-

212 1111 267 1156 lnm
285 1121 387 1172 possum
404 1108 501 1164 horter,
520 1115 548 1156 ot
566 1109 632 1156 edas.
669 1105 823 1156 Beneficium
846 1104 944 1170 debebit
963 1103 1024 1152 setis
1044 1117 1161 1164 magnum
1181 1117 1230 1150 nee
1254 1103 1378 1152 duntaxat
1400 1104 1454 1153 lite·

212 1195 281 1244 raris
301 1194 452 1258 respublica,
477 1197 520 1245 sed
538 1207 570 1264 'et
591 1193 676 1244 Dante
695 1195 813 1243 universa
830 1202 856 1240 et
878 1191 1014 1253 Nereagia.
1033 1205 1108 1254 qnam
1128 1199 1260 1253 atramque
1283 1191 1309 1239 in
1332 1191 1453 1254 majorem

213 1284 317 1333 modum
335 1283 483 1352 phetrlngm.
519 1283 629 1333 lllnetn'a
653 1283 705 1331 elna.
725 1280 899 1331 cancellarius
919 1279 973 1339 jam
996 1279 1029 1328 ab
1051 1277 1136 1340 alique
1158 1287 1272 1342 tempore
1294 1280 1320 1328 ia
1343 1278 1455 1329 Oimhria

213 1383 271 1422 eum
284 1385 343 1434 rege
360 1373 414 1434 agit
431 1384 511 1434 neque
529 1371 599 1422 brevi
621 1371 756 1422 rediturus.
793 1368 842 1418 Ubi
862 1368 1023 1416 occasionem
1042 1366 1096 1428 ejus
1118 1365 1246 1416 salutandi
1265 1377 1355 1418 nactae
1373 1367 1454 1427 lucae,

213 1459 264 1508 tnie
283 1459 365 1508 vorbis
384 1457 447 1508 illud
463 1457 565 1508 faciam.
600 1458 671 1508 Sorae
687 1457 757 1508 XIII
775 1457 837 1508 Deo.
856 1453 1085 1506 mccxxxut'

309 1617 338 1675 5.
370 1613 485 1673 ·Joaitru'
503 1613 688 1674 Kr'rchmenno
710 1615 741 1673 S.
767 1615 805 1672 D.
829 1613 981 1690 Stephanae
1002 1568 1157 1670 Jetennrte
1179 1611 1353 1688 Stephaniua.

280 1735 427 1787 Clarissima
450 1737 496 1795 vir,
520 1741 600 1788 arnico
622 1739 825 1800 exoptatissime,
852 1753 901 1786 neu
920 1737 1002 1786 solum
1022 1736 1101 1784 literae
1119 1751 1159 1783 me
1177 1744 1226 1784 tute
1244 1736 1390 1786 incredebili
1411 1753 1456 1786 te-

211 1824 309 1888 luptate
327 1823 499 1888 perfuderunt,
523 1833 610 1890 utpote
634 1827 724 1890 quibus
743 1842 758 1875 a
777 1835 848 1875 tauto
867 1826 919 1874 vire
938 1825 1001 1873 nihil
1017 1823 1155 1886 jucundius
1174 1823 1287 1872 accidere
1305 1824 1395 1886 potnit,
1414 1837 1456 1873 re·

211 1925 269 1962 nm
287 1905 379 1976 magna
397 1927 454 1962 cum
473 1915 640 1963 delectatione
658 1913 728 1963 illam
747 1909 863 1976 epietolae'
879 1919 976 1976 partera
995 1911 1053 1974 logi,
1072 1925 1123 1974 qua
1140 1925 1218 1975 penes
1237 1921 1261 1960 te
1274 1913 1454 1961 aaaeindicasti

212 2001 409 2065 mnnenptam
428 2000 559 2052 historiam
574 2002 709 2064 eujusdam
718 2001 871 2052 Theoderici
889 2000 1016 2056 monaehi,
1032 1999 1075 2064 qui
1096 1999 1170 2048 vitam
1190 2001 1348 2062 quorundam
1368 1998 1456 2064 regerit

211 2087 414 2154 Narragicerum
430 2089 537 2138 breviter
560 2089 700 2154 descripsit.
735 2089 798 2151 Eius
811 2101 841 2138 ut
854 2089 997 2145 editionem,
1016 2095 1137 2152 qnanmm
1156 2088 1182 2138 in
1201 2096 1235 2146 tc,
1252 2088 1318 2136 serio
1335 2097 1456 2148 matures,

212 2177 311 2236 bertot,
330 2179 381 2226 ime
400 2178 478 2228 totius
496 2179 585 2241 patrIoe
602 2178 713 2234 nomine,
732 2177 838 2226 obscero
856 2187 932 2239 atque
958 2175 1077 2225 obtestor.
1120 2174 1219 2238 Ingenti
1244 2177 1311 2225 cuim
1333 2177 1455 2226 baueholo

200 2278 270 2313 1ειιιι
290 2265 333 2315 tibi
351 2265 486 2326 declames,
505 2266 571 2315 edite
582 2273 633 2316 tam
647 2261 769 2329 'preclaro
779 2265 937 2328 antiquitatis
955 2272 1128 2320 monumento,
1146 2277 1196 2326 qno
1214 2279 1260 2312 nes
1278 2273 1455 2316 teloneorum

213 2353 345 2413 interjectu
368 2354 453 2402 nescio
470 2368 527 2416 quta
545 2352 652 2402 latorum
677 2354 772 2402 invidia
799 2349 916 2400 fraudare
941 2352 1068 2400 sustinuit.
1107 2351 1140 2399 Et
1164 2362 1192 2400 ut
1214 2353 1246 2400 acl
1268 2363 1373 2402 conatus
1398 2364 1455 2401 taes

212 2429 329 2488 aederce'
347 2439 423 2488 relati
447 2441 514 2490 iaces
538 2441 654 2499 subdam,
676 2449 827 2504 repraeeeoto
848 2441 890 2488 hic
914 2439 959 2488 tibi
978 2437 1124 2488 chronicon
1148 2439 1210 2488 illud
1234 2439 1367 2503 Nor-regiae
1385 2456 1400 2490 a
1418 2441 1454 2490 M.

213 2525 335 2576 Johaoue
350 2527 458 2576 Martini
480 2527 675 2590 Slangcrtrpeuei
700 2527 864 2592 publicatum,
891 2526 965 2589 cajet
993 2527 1038 2574 tibi
1064 2529 1163 2590 copiam
1181 2527 1234 2576 lieri
1254 2528 1325 2591 petie.
1361 2529 1455 2578 Nullas

213 2615 327 2677 ambigo,
341 2617 401 2678 quio
415 2617 530 2665 instituto
544 2623 588 2666 teo
606 2630 760 2680 magnopere
771 2617 889 2664 iasar-site
906 2619 992 2678 queat.
1027 2613 1077 2664 Sed
1091 2630 1122 2666 ne
1138 2616 1243 2672 neseiat,
1256 2625 1314 2664 tote
1328 2617 1455 2666 blenuiunr

215 2701 363 2754 chronicon
381 2701 515 2768 Norregite
532 2704 686 2758 luculentiae
704 2706 730 2755 in
743 2705 825 2754 locem
839 2695 917 2754 eardii
930 2703 960 2753 cl.
974 2704 1011 2751 vir
1029 2704 1061 2751 D.
1072 2701 1149 2752 Olaua
1162 2703 1304 2761 wormius,
1322 2704 1456 2756 Medicinae

215 2790 241 2838 in
264 2789 347 2854 Regia
369 2792 500 2840 academie
528 2791 659 2841 llelniemi
684 2791 811 2856 prelcaeor
836 2791 1062 2841 eminentissimus:
1087 2793 1154 2854 qaod
1173 2791 1194 2840 ai
1213 2793 1244 2840 ad
1264 2807 1365 2872 manum
1389 2809 1454 2844 nuno

214 2875 311 2934 fuisset,
329 2875 417 2927 lobene
436 2879 639 2929 transmisissem.
676 2879 773 2928 Dabam
792 2879 861 2929 Sorte
880 2879 943 2929 ldib.
961 2879 1014 2929 Jut.
1033 2877 1241 2930 MDOXXXIV.

619 3039 659 3104 e„
693 3037 753 3094 aea
772 3055 874 3095 aarum
892 3039 923 3094 tr'l
940 3055 1047 3096 semme.

284 3155 436 3208 Clarissima
452 3159 485 3208 D.
504 3159 685 3218 llirchmanne‚
707 3159 787 3208 amice
809 3159 957 3208 fidelissima
974 3160 1057 3222 gentle
1077 3143 1294 3222 'conjunctissima
1317 3163 1456 3211 communi-

216 3246 282 3294 cavit
306 3259 405 3296 mecam
429 3262 509 3310 nuper
530 3247 669 3298 amicerum
694 3247 795 3310 qnidam
820 3248 895 3296 birros
913 3249 1100 3309 manuscriptos
1118 3255 1248 3304 tractatus,
1265 3261 1373 3311 querum
1392 3251 1457 3299 aiter·

214 3332 344 3403 &parmi
363 3342 417 3384 erat
434 3333 465 3384 de
483 3335 572 3384 itinere
591 3351 606 3384 a
629 3335 711 3386 Dahis
736 3335 866 3387 nonnullis
889 3334 1093 3398 Hierosolymam
1116 3345 1244 3398 suscepto,
1262 3335 1334 3398 cajus
1357 3337 1455 3386 initiam

216 3420 280 3468 tale:
299 3420 392 3484 Incipit
411 3421 527 3484 Epistola
549 3425 676 3486 sequentia
697 3426 786 3487 operis.
827 3423 974 3472 Reverendo
992 3433 1016 3472 et
1039 3423 1167 3485 diligende
1186 3423 1297 3474 Domine
1316 3423 1344 3474 O.
1367 3425 1457 3474 Frater

215 3505 251 3556 X.
274 3505 421 3558 canonicas
446 3505 555 3558 debitam
579 3513 605 3560 io
628 3511 744 3560 omnibus
772 3505 953 3560 obedientiam!
980 3509 1088 3559 Multum
1113 3510 1175 3560 mihi
1198 3509 1280 3560 fateor
1297 3513 1406 3561 contulit
1423 3513 1455 3562 ad

216 3595 293 3644 reatu
313 3595 429 3646 notitiam
448 3599 590 3660 pervenisse
614 3597 658 3648 lec.
697 3599 791 3662 Incipit
809 3598 943 3662 prologus:
967 3597 1128 3660 superfluum
1152 3614 1208 3647 reor
1233 3614 1353 3648 novarum
1373 3615 1454 3648 rerum
1517 3645 1520 3652 .

216 3691 323 3732 mantne
340 3683 437 3732 incultu
457 3699 571 3734 sermone
594 3687 736 3750 depingere.
772 3685 895 3735 Continet
914 3684 1021 3734 XXVII
1046 3677 1136 3750 dapita.
1172 3685 1205 3734 Iit
1222 3685 1285 3750 Onp.
1303 3687 1329 3734 V
1347 3688 1457 3736 occurrit

216 3785 269 3822 vox
292 3769 338 3822 illa
355 3771 465 3820 barbara
484 3769 651 3830 GemobodIe‚
675 3775 705 3822 dc
727 3789 778 3837 qna
801 3784 826 3823 te
849 3784 924 3823 antea
945 3787 985 3822 me
1008 3773 1165 3825 consuluisse
1189 3776 1299 3824 memini.
1337 3773 1372 3823 Et
1394 3775 1455 3840 Cap.

216 3857 266 3916 XI,
284 3859 326 3908 ubi
344 3860 375 3909 de
393 3859 494 3910 oiritate
513 3861 632 3924 Bergenei
652 3870 677 3914 ct
692 3862 816 3912 seditione
834 3863 868 3910 iet
887 3861 954 3912 laeta
971 3878 1016 3926 per
1034 3863 1124 3914 Dones
1143 3863 1205 3924 agit,
1223 3861 1323 3928 Sancta
1335 3862 1457 3914 bannita

218 3955 242 3996 et
260 3947 365 4010 piscium
384 3947 478 3998 Screite
496 3950 651 3998 mentionem
670 3948 737 3998 lecit.
775 3948 837 4014 cap.
856 3949 923 4000 XVI
946 3949 1105 4014 proverbium
1123 3958 1195 4000 extat
1211 3951 1343 4014 atttIqtrum
1362 3950 1457 4002 Nerva·

217 4035 301 4096 glum:
325 4035 441 4084 Bihande
464 4037 509 4100 byr
532 4038 598 4100 eigo,
617 4053 647 4088 en
667 4037 755 4087 brader
772 4037 831 4086 and’
851 4037 924 4085 red’r.
958 4033 1000 4084 'Et
1022 4036 1085 4100 Cap.
1106 4037 1185 4087 XIX:
1208 4038 1281 4090 Festr
1299 4053 1326 4086 cr
1348 4053 1364 4088 a
1387 4039 1456 4088 Iolde

217 4119 280 4171 Ieer.
317 4121 393 4171 Alter
409 4137 469 4173 varo
493 4125 574 4174 codex
597 4125 774 4190 complectitur
795 4125 925 4174 historiam
948 4124 1100 4174 Theoderici
1119 4127 1237 4176 monachi
1255 4128 1286 4175 da
1303 4127 1456 4189 antiquitate

217 4219 306 4270 regum
323 4209 543 4272 Narragieneium,
562 4227 617 4276 qua
634 4213 670 4262 aio
689 4213 787 4276 inprit:
816 4213 926 4262 Domino
944 4209 966 4258 ἀ
984 4214 1048 4276 patri
1066 4229 1113 4262 suo
1129 4213 1333 4270 reverendissimo
1353 4215 1458 4276 Augu·

218 4297 306 4346 atino
326 4295 483 4349 blidroeiettai
507 4299 709 4364 Arcbiepiecopo
733 4301 906 4351 Theodericus
928 4301 1031 4351 humilia
1058 4309 1184 4364 peccator,
1212 4301 1300 4350 debita
1327 4302 1457 4351 servitutis

218 4384 401 4446 subjectiorem
419 4395 445 4438 et
461 4388 605 4440 orationum
628 4387 757 4452 suffragia.
797 4388 889 4452 Opera
910 4389 1018 4452 pretium
1037 4389 1109 4448 duxi,
1126 4389 1167 4436 vir
1182 4387 1357 4446 illustrissime,
1374 4402 1457 4454 pauca

217 4473 270 4525 hoc
288 4474 320 4522 de
337 4475 486 4538 antiquitate
510 4491 599 4539 regum
620 4477 829 4540 Norregiensium
853 4477 961 4528 breviter
979 4487 1098 4528 annotare
1116 4475 1159 4525 &a
1196 4475 1345 4526 absolvitur
1362 4475 1458 4541 eapite

217 4561 266 4612 bue
284 4560 412 4612 XXXIV.
446 4561 509 4628 Cap·
529 4564 540 4612 l
559 4566 590 4614 de
607 4565 720 4614 Haralclo
738 4565 842 4630 pulchre
863 4572 972 4614 comate.
1009 4563 1132 4614 Ultimum
1150 4563 1181 4614 de
1200 4553 1314 4612 Haraldo'
1333 4563 1458 4630 Hyberni·

218 4649 280 4701 enai.
317 4649 370 4700 latu
389 4650 474 4700 neilus
493 4651 581 4700 dubito
599 4652 659 4716 quin
676 4651 750 4701 iidem
769 4652 872 4702 omnino
894 4653 945 4702 sint
962 4661 1083 4701 tractatus
1101 4653 1132 4701 de
1151 4650 1241 4714 quibua
1258 4651 1351 4712 eoepiur
1369 4654 1401 4701 ad
1416 4667 1457 4704 me

1259 4713 1295 4778 1*
