3668 5348
393 345 434 405 ss
834 340 1027 395 rusonnmr
1045 301 1207 392 nossem

395 525 453 604 dri,
479 543 574 606 quem
598 525 726 589 Turnus
750 523 881 602 occidit,
915 522 1006 605 cuius
1029 527 1166 588 mortem
1189 523 1306 590 beatus
1329 523 1409 590 dicit
1429 525 1630 606 Augustinus

396 629 626 695 simulachrum
659 629 819 710 Apollinis
857 627 987 694 flevisse
1023 628 1106 716 mira
1144 628 1302 694 dramonis
1342 629 1493 710 uersutia,
1539 631 1631 712 quasi

398 733 560 799 doluisset
581 751 733 798 occasum
757 735 816 800 viri
838 732 1034 816 probissimi.
1078 732 1245 799 inventurn
1275 739 1327 798 ost
1359 735 1456 798 ctiam
1490 751 1548 798 rus
1581 751 1631 798 ar·

297 859 304 870 ·
398 843 558 919 partuum,
582 839 724 904 locatum
747 857 847 920 super
877 841 992 920 pectus
1027 836 1105 917 ejns,
1137 838 1170 902 in
1202 855 1265 919 quo
1297 837 1460 904 conlectio
1494 839 1631 920 myrrho

400 1051 499 1124 loom
523 1050 606 1111 disse
630 1052 693 1111 Ord
715 1071 783 1111 maa
804 1051 908 1110 demur
930 1069 1008 1108 urere
1029 1047 1204 1108 ndakrerue
1226 1050 1259 1108 ai
1279 1049 1419 1110 enKiltle
1440 1051 1526 1111 trac.
1541 1054 1631 1112 1120.

395 1157 457 1214 Hos
479 1155 620 1216 Wilhelm
643 1156 677 1214 ai
695 1153 882 1230 Malmsbnrp
903 1151 954 1225 (ΙΙ,
978 1147 1053 1228 206)
1085 1154 1231 1214 lurtoelles
1255 1154 1314 1213 den
1337 1156 1492 1216 saalades:
1531 1149 1641 1229 „Tune'

397 1279 509 1336 corpus
532 1261 677 1320 Pallantis
700 1261 754 1320 filii
776 1259 921 1333 Evandri,
944 1260 982 1318 de
1006 1279 1066 1337 quo
1088 1259 1232 1336 Virgilius
1255 1266 1369 1333 narrat,
1406 1261 1508 1322 Romae
1529 1279 1633 1340 reper-

395 1369 460 1424 tum
481 1370 530 1425 est
549 1366 709 1437 illibatum,
731 1367 848 1442 ingenti
870 1369 997 1441 stupore
1020 1367 1152 1424 omnium
1175 1364 1259 1440 quod
1280 1369 1329 1424 tot
1346 1365 1458 1424 saoula
1474 1367 1633 1444 incorrup-

395 1471 480 1528 tione
502 1472 549 1530 sui
571 1472 737 1546 superavit,
771 1470 854 1547 quod
888 1488 925 1528 aa
955 1471 997 1527 sit
1028 1473 1138 1528 natura
1171 1471 1363 1530 conditorum
1397 1489 1572 1547 corporum,
1599 1476 1635 1530 ut

402 1595 493 1635 carne
515 1575 695 1635 tabescente
718 1577 798 1634 cutis
821 1577 956 1635 exterior
976 1593 1096 1646 neruus,
1120 1576 1205 1634 nervi
1233 1593 1306 1634 oasa
1335 1577 1520 1636 contineant.
1564 1577 1635 1636 Hiu-

396 1685 449 1739 tua
470 1681 615 1751 vulneris,
641 1680 724 1756 quod
744 1683 775 1738 in
798 1680 899 1738 medio
923 1679 1180 1756 pectureTuruus
1201 1680 1482 1756 iecerat„quatuor
1503 1680 1634 1758 pedibus

398 1789 430 1843 et
451 1788 542 1844 samis
565 1793 772 1846 mensuratum
795 1790 853 1843 est.
896 1785 1095 1861 Epitaphium
1117 1783 1292 1859 hujusmodi
1313 1789 1485 1860 repertum:
1514 1779 1637 1858 (Versat

396 1892 406 1948 i
427 1883 567 1962 Tanton).
612 1889 699 1962 Quod
726 1907 787 1948 non
810 1895 884 1948 tunc
912 1889 1094 1948 crediderim
1114 1889 1236 1960 fautum,
1258 1889 1331 1948 licet
1348 1887 1517 1948 Carmentis
1539 1893 1636 1948 mater

397 1993 534 2052 Evandri
556 1995 667 2052 latinas
701 1994 820 2052 litteras
853 1972 974 2052 dicatur
1005 1995 1168 2064 invenisse,
1202 1992 1257 2051 sed
1290 1993 1327 2052 ab
1360 1992 1461 2052 Ennio
1494 1995 1542 2052 vel
1576 1995 1635 2054 ulio

399 2098 502 2175 aliquo
525 2101 651 2176 antiqno
675 2107 769 2176 poeta
789 2101 1002 2175 compositum.
1046 2097 1166 2158 Arduus
1189 2097 1315 2156 lucerna
1336 2097 1376 2156 sd
1397 2103 1492 2174 eaput
1513 2099 1637 2158 inventa

398 2209 464 2262 arte
486 2202 670 2274 mechanica,
692 2207 727 2260 ut
748 2202 862 2262 unlliua
883 2201 975 2262 flatus
998 2202 1152 2273 uiolentia,
1174 2195 1288 2260 nullius
1310 2200 1439 2277 liquoris
1473 2205 1636 2280 aspergine

397 2307 514 2367 ualeret
527 2309 672 2383 extingui.
708 2306 796 2380 Quod
820 2325 885 2366 cum
908 2306 996 2365 multi
1017 2307 1208 2376 mirarentur,
1231 2323 1320 2378 unus,
1341 2312 1376 2362 ut
1398 2324 1519 2382 semper
1541 2307 1637 2383 aliqui

399 2411 544 2471 solertius
565 2414 719 2488 ingenium
740 2414 771 2470 in
794 2412 882 2470 malis
909 2410 1033 2482 habent,
1067 2409 1145 2485 stylo
1179 2410 1287 2468 subtus
1318 2409 1468 2470 flammam
1499 2411 1638 2470 toramen

396 2519 486 2590 iacit3
515 2519 560 2575 ita
585 2515 762 2575 introducto
785 2535 855 2575 sere
883 2517 964 2590 ignia
998 2516 1128 2574 euanuit.
1185 2513 1304 2590 Corpus
1339 2535 1423 2576 muro
1457 2517 1638 2594 applioitum

399 2623 544 2684 vastitate
566 2622 613 2679 sui
639 2622 790 2680 moenium
824 2619 1020 2679 altitudinem
1051 2621 1139 2690 rioit3
1162 2618 1218 2678 sed
1244 2621 1485 2696 procedentibus
1519 2619 1636 2692 diebus,

400 2726 565 2786 stillicidiis
607 2726 773 2784 rorulentis
805 2725 949 2790 inlusum,
983 2743 1169 2782 communem
1205 2725 1379 2784 mortalium
1410 2727 1638 2802 curruptionem

401 2832 527 2907 agnovit
558 2835 627 2889 oute
650 2829 753 2888 soluta
775 2833 806 2888 et
826 2831 929 2888 nervis
952 2823 1151 2888 fluentibus“.
1194 2829 1256 2887 Fra
1275 2830 1323 2890 W.
1346 2829 1380 2888 af
1398 2829 1439 2890 M.
1467 2847 1502 2887 er
1533 2830 1638 2889 Beret-

400 2938 512 3012 ningen
536 2938 626 3010 pauet
647 2953 721 2993 orer
741 2935 776 2994 til
799 2935 977 2993 Vincentius
995 2933 1223 2992 Bellouaceneis
1248 2930 1352 3009 (Spec.
1370 2934 1441 2992 hist.
1459 2933 1551 3008 XXV,
1573 2925 1638 3006 34),

401 3041 435 3098 til
458 3039 728 3106 Flete-annulerne
752 3034 956 3114 (Flatabogen
977 3037 1030 3110 111,
1056 3031 1128 3109 508)
1152 3056 1192 3114 og
1212 3037 1249 3095 til
1273 3037 1342 3097 Alb.
1365 3039 1480 3097 Kranta
1511 3033 1639 3110 (Metro-

401 3145 485 3221 polis
507 3144 555 3215 IV,
572 3137 634 3219 15).
669 3143 732 3203 Hos
755 3145 814 3202 den
838 3142 933 3201 sidste
947 3147 1031 3202 staur
1043 3137 1183 3219 (ligesom
1205 3145 1215 3200 i
1229 3138 1262 3213 S)
1275 3145 1285 3200 i
1298 3141 1408 3201 Verset
1422 3149 1538 3214 „morte
1552 3137 1638 3202 sua“.

488 3252 514 3306 l.
559 3239 760 3324 Augustinus]
786 3247 851 3306 sml.
873 3247 918 3306 De
942 3248 1064 3306 ciuitate
1086 3247 1144 3306 Dei
1158 3247 1210 3318 111,
1225 3249 1258 3306 2:
1281 3245 1390 3322 Neque
1414 3249 1493 3304 enim
1516 3245 1638 3306 aliunde

402 3352 515 3429 Apollo
526 3351 578 3411 ille
593 3351 754 3424 Cumanus,
769 3370 835 3410 oum
848 3352 996 3412 adsersus
1008 3351 1136 3411 Achaeon
1150 3369 1313 3427 regemque
1325 3351 1531 3410 Aristonicum
1546 3350 1641 3410 bella·

401 3457 495 3524 retur,
510 3456 674 3531 quatriduo
686 3455 808 3516 flevisse
820 3459 993 3516 nuntiatum
1009 3460 1072 3513 est:
1097 3471 1157 3531 quo
1177 3454 1317 3531 prodigio
1337 3454 1516 3530 haruspices
1529 3457 1639 3528 territi,

402 3580 469 3618 oum
480 3559 513 3618 id
531 3559 724 3620 simulacrum
743 3563 774 3620 in
786 3581 868 3620 mare
880 3563 1074 3639 putavissent
1086 3578 1154 3618 esse
1166 3559 1398 3634 projiciendum,
1411 3559 1538 3618 Cumani
1550 3579 1640 3618 senes

400 3665 645 3721 intercesserunt
678 3669 770 3740 atque
793 3665 967 3724 retulerunt
987 3663 1048 3720 tale
1072 3663 1246 3739 prodigium
1268 3667 1300 3722 et
1320 3663 1464 3723 Antiochi
1486 3668 1518 3722 et
1538 3663 1640 3724 Parem

401 3767 484 3826 bello
506 3769 537 3825 in
560 3767 667 3826 eodem
690 3771 870 3844 apparuisse
893 3767 1050 3844 figmento:
1075 3769 1201 3844 etquis
1228 3767 1372 3828 Romanis
1406 3767 1540 3826 feliciter
1569 3787 1641 3844 pro·

403 3873 546 3943 venisset,
570 3891 607 3931 ex
629 3877 754 3932 senatus
778 3873 919 3933 consulto
947 3873 1044 3931 eidem
1074 3872 1208 3949 Apollini
1241 3891 1297 3932 sno
1333 3873 1413 3931 dona
1446 3891 1513 3931 ease
1546 3873 1641 3931 missa

402 3977 509 4035 testati
529 3981 608 4036 aunt.
653 3977 736 4036 rI'urno
760 3977 842 4036 velut
870 3979 1034 4054 peritiores
1067 3977 1157 4035 acciti
1188 3977 1370 4053 haruspices
1403 3976 1640 4054 expenderunt,

404 4081 557 4140 simulacri
578 4081 731 4158 Apollinis
751 4081 856 4140 fletum
877 4081 948 4141 ideo
970 4099 1154 4158 prosperum
1166 4101 1235 4140 esse
1248 4081 1400 4153 Romanis,
1424 4083 1567 4157 quoniam
1583 4080 1641 4140 Gu-

403 4205 493 4244 maua
514 4186 635 4246 colonia
655 4187 761 4247 Graes
783 4206 851 4246 esse
875 4187 1000 4262 suisque
1022 4187 1124 4258 terrie,
1147 4185 1228 4244 unde
1252 4189 1382 4245 accitum
1404 4189 1496 4258 esset,
1526 4186 1559 4245 id
1582 4189 1639 4256 est,

404 4291 465 4366 ipsi
501 4289 625 4352 Gracia
667 4291 781 4350 luctum
815 4295 846 4348 et
878 4290 995 4348 cladem
1028 4291 1200 4367 Apollinem
1235 4289 1426 4366 significasse
1459 4290 1640 4366 plorantem.

404 4395 523 4455 Deinde
542 4415 612 4454 mox
630 4412 734 4471 regem
745 4395 951 4454 Aristonicum
973 4397 1085 4454 rictum
1108 4399 1141 4454 et
1162 4399 1285 4472 captum
1305 4413 1373 4454 esse
1393 4397 1565 4454 nuntiatum
1583 4400 1639 4467 est,

407 4519 495 4577 quem
524 4500 604 4558 vinci
638 4501 744 4576 ntique
774 4497 884 4575 Apollo
920 4499 1043 4557 nolebat
1074 4503 1106 4558 et
1135 4499 1269 4571 dolebat,
1304 4503 1335 4557 et
1366 4499 1424 4558 hoo
1452 4501 1500 4558 sui
1529 4499 1641 4574 lapidis

376 4585 497 4664 'etiam
535 4603 679 4681 lacrymis
725 4603 890 4664 indicabat.
955 4605 1043 4680 Unde
1087 4623 1148 4664 non
1195 4615 1418 4680 usquequaque
1462 4605 1642 4680 incongrue,
