3622 5344
1382 327 1444 390 2³5

160 575 164 584 ,
203 511 304 588 ratus,
335 508 507 574 honestam
534 509 602 573 rite
632 509 767 574 tororum
798 507 895 574 etiam
924 527 985 574 sue
1005 507 1170 588 religionis
1193 509 1323 576 celebre
1346 510 1444 576 moni-

205 618 346 678 mentum
371 613 486 680 incolia
508 613 650 694 reliquit.

290 725 374 802 Resp.
416 725 617 785 Confluebant
629 726 668 786 ad
679 727 833 802 baptisma
850 728 989 786 certatim
1002 727 1127 803 populi:
1150 728 1224 784 etin
1246 728 1351 786 multis
1376 746 1444 786 uor-
1490 733 1495 742 '

206 831 295 906 uagis
317 830 468 907 partibus.
513 831 644 906 Propter
670 831 806 891 fidelium
835 831 1060 892 multitudinem
1087 833 1185 890 omnis
1208 833 1356 910 iniquitas
1380 833 1445 907 opi·

155 945 171 992 t
205 935 290 996 labat
312 956 346 994 oe
369 955 466 995 auum.
1051 947 1054 952 “

290 1059 358 1100 cers.
403 1040 529 1100 Coniusi
563 1046 651 1099 erant
683 1041 873 1101 confidentes
905 1041 936 1100 iu
970 1041 1123 1117 sculptili:
1155 1045 1186 1100 ot
1213 1047 1445 1102 numerus'cre·

206 1147 343 1206 dentium
366 1146 535 1222 augebatur
556 1145 667 1205 indiae.
754 1145 886 1221 Propter
906 1145 1051 1206 fidelium.
1464 1141 1465 1144 ’

291 1241 399 1308 Lectio
419 1243 460 1324 ιη’.
505 1242 656 1324 Denique
675 1242 831 1308 decoctus
847 1243 1189 1324 ignepereecutionis:
1213 1244 1323 1310 diuino
1346 1242 1446 1322 inepi-

207 1353 298 1414 ratua
330 1349 502 1414 instinctu:
536 1365 596 1428 per
624 1347 734 1413 suecia
762 1347 846 1412 lines
869 1347 910 1412 ad
937 1349 1068 1430 propria
1095 1350 1266 1415 remeauit.
1309 1348 1445 1412 ludutus

142 1469 173 1514 ιο
208 1454 306 1534 igitur
327 1453 430 1520 lorica
451 1451 540 1517 fidei:
569 1457 605 1516 et
625 1459 771 1518 armatus
794 1453 890 1533 galea
911 1452 1043 1518 salutis:
1072 1453 1247 1535 obijciobot
1268 1472 1305 1519 ae
1328 1459 1448 1535 sponte
1514 1504 1517 1512 .

207 1557 375 1642 periculis:
410 1559 599 1639 martyrium
637 1558 667 1622 si
690 1557 752 1622 deo
774 1557 957 1638 placuisset
988 1558 1157 1641 suscipere
1189 1576 1253 1624 non
1287 1577 1451 1624 recusans.

208 1664 280 1740 Quo
303 1669 471 1744 comperto
493 1662 641 1728 veritatis
653 1661 765 1740 hostes
779 1669 1043 1728 conuocsuerunt
1061 1663 1232 1728 consilium
1251 1663 1451 1744 iniquitatis:
1567 1655 1573 1668 '

208 1773 243 1834 et
266 1773 489 1834 conuenerunt
510 1769 545 1832 in
566 1785 662 1834 vnum
684 1753 843 1834 aduersis
865 1767 1028 1834 dominnm
1052 1773 1086 1834 et
1116 1768 1274 1834 aduersus
1297 1768 1452 1835 christum
1538 1791 1540 1796 ’

217 1872 302 1938 eius:
326 1877 559 1955 arctoumque
583 1871 653 1938 eius
683 1872 830 1939 doctrina
853 1872 1008 1954 operibus
1031 1890 1140 1940 eorum
1164 1873 1258 1940 vaide
1281 1873 1452 1941 contraria.

143 1991 174 2036 rt
295 1985 379 2062 Καρ.
423 1983 573 2044 Florebat
590 1985 669 2046 fides
692 1989 723 2046 et
734 1985 865 2046 vbertim
877 1986 1067 2060 germinabat
1083 1987 1168 2048 verbi
1192 1987 1242 2048 clei
1263 2003 1346 2045 uuna
1367 1985 1453 2062 plan·

209 2093 295 2150 tatio.
340 2090 541 2150 Fabrioaudie
565 2089 706 2165 eeclesije
730 2089 901 2150 offerebant
923 2090 1004 2150 dona
1019 2092 1127 2168 pupuli
1146 2091 1251 2152 deuoti
1274 2095 1306 2150 at
1323 2091 1453 2150 alacres.

294 2216 360 2255 ocra.
406 2195 574 2256 Exultabat
618 2215 672 2254 rex
706 2195 870 2272 plusquam
903 2197 988 2256 cradi
1017 2200 1123 2272 puteat
1162 2198 1221 2256 ianr
1251 2195 1367 2256 laboris
1403 2195 1451 2254 sui

213 2303 415 2362 auauiaairuoe
437 2302 557 2361 tructus
580 2308 775 2377 prognataue.
862 2301 916 2360 Fa.

689 2477 730 2543 In
751 2478 799 2560 iij.
823 2482 978 2543 nocturno

144 2627 177 2673 ²⁰
296 2631 352 2682 unt.
397 2621 460 2680 Nee
489 2623 617 2698 propria
650 2621 750 2680 salute
781 2625 945 2681 contentus
975 2620 1109 2696 pupulos
1131 2619 1242 2696 quibus
1270 2624 1395 2696 preerat
1416 2619 1455 2677 ad

212 2728 302 2787 fidem
326 2733 506 2788 conuertere
530 2727 668 2803 vigilanti
691 2727 848 2786 nitebatur
868 2727 1025 2786 instantia

291 2845 345 2907 pa
389 2824 426 2890 In
448 2824 579 2891 domino
603 2822 743 2890 confido.
787 2844 814 2888 u
839 2824 888 2888 iii.
1312 2891 1316 2899 ,

296 2947 351 2996 unt.
397 2935 484 2996 Nouo
514 2957 615 2996 rerum
646 2937 754 2996 ordine
781 2957 835 2996 rex
864 2937 998 3014 apostoli
1020 2937 1116 2996 vicem
1146 2955 1274 3012 gerens:
1304 2937 1371 3012 ipsa
1395 2935 1456 2994 dux

212 3043 299 3105 verbi
322 3043 429 3102 chricti
453 3045 580 3118 gratiam
603 3044 718 3119 passim
741 3043 890 3118 omnibus,
904 3041 1096 3118 predicabat.

146 3149 178 3196 ²⁵
294 3161 345 3222 ps.
392 3140 528 3204 Domine
552 3139 624 3220 quie
648 3138 818 3206 habitabit.
863 3161 892 3206 o.
914 3124 988 3222 iiij.'

296 3263 352 3312 ant.
397 3251 620 3312 Predieatiouis
647 3254 746 3328 gratio
772 3273 831 3329 que
862 3253 973 3312 diffusa
998 3257 1064 3312 erat
1086 3253 1116 3312 iu
1138 3251 1228 3328 labijs
1254 3253 1337 3312 eiua:
1362 3253 1455 3328 pluri

213 3377 280 3418 mos
304 3377 322 3416 a
343 3358 504 3417 demonum
526 3357 699 3434 nephandis
720 3359 854 3418 cultibus
877 3357 1004 3416 advari
1027 3357 1076 3416 dci
1098 3357 1212 3416 cultum
1235 3356 1413 3432 reuocabat.

295 3475 349 3536 pe.
393 3455 532 3522 Domine
554 3456 587 3522 in
609 3454 739 3520 virtute.
784 3474 812 3520 a.
836 3455 874 3537 vj.

301 3585 368 3626 nera.
412 3565 525 3642 Magna
547 3571 595 3625 eet
617 3567 675 3642 glo.
1416 3619 1420 3629 .

149 3685 182 3730 ao
290 3662 409 3728 ¹Lectio
429 3664 484 3742 ort.
524 3661 709 3728 Secundum
732 3664 851 3730 Liaoom
871 3666 915 3730 ix.
961 3665 1006 3730 IN
1028 3665 1087 3732 illo
1117 3669 1274 3747 tempore.
1317 3663 1459 3732 Dicebat

217 3767 306 3832 iesus
337 3767 376 3834 ad
412 3785 533 3832 omnes
585 3765 618 3832 Si
647 3767 721 3861 quis
749 3769 818 3834 vult
841 3777 918 3850 post
938 3761 1146 3838 me'venira:
1176 3770 1318 3852 abneget
1337 3774 1457 3836 semat-

215 3872 321 3954 ipsum
345 3877 380 3940 et
401 3871 498 3938 tollat
519 3889 644 3940 erucem
669 3889 759 3938 onam
783 3875 904 3955 quodie
928 3881 962 3940 et
983 3882 1138 3957 sequatur
1158 3893 1218 3940 me.
1263 3875 1306 3940 Et
1320 3874 1457 3954 reliqna.

301 3977 339 4044 lu
362 3976 470 4042 odium
494 3978 594 4058 igitur
609 3976 684 4044 fidei
707 3983 742 4044 et
762 3977 850 4044 be'ati
874 3979 1024 4061 martyria
1038 3979 1167 4063 quidam
1185 3979 1363 4061 aduersarij
1386 3979 1457 4044 eius

218 4083 386 4150 cuiusdam
408 4082 540 4148 chunuti
572 4082 759 4150 muneribus
787 4083 945 4166 corrupti:
978 4086 1109 4166 quidam
1137 4103 1212 4152 vero
1243 4083 1370 4150 malicie
1400 4100 1457 4148 sue

151 4205 183 4254 es
217 4189 382 4256 instinctu.
417 4205 534 4254 nouom
577 4187 767 4270 religionem
791 4189 935 4270 paternis
957 4190 1083 4258 scilicet
1107 4189 1234 4271 legibus
1263 4187 1458 4254 contrariam

217 4301 424 4360 recusantes:
447 4292 591 4360 exercitu
614 4293 778 4360 ordinato:
802 4293 889 4360 bello
913 4313 1020 4378 regem
1045 4296 1221 4377 excipiunt:
1252 4311 1363 4362 rerum
1386 4292 1458 4356 illu·

218 4399 396 4464 attissimus
427 4402 548 4481 martyr
569 4404 853 4480 totussuspeusus
876 4399 908 4464 in
931 4400 1083 4468 celestia:
1106 4417 1165 4482 pro
1188 4398 1254 4464 fide
1277 4401 1310 4460 et
1328 4395 1461 4463 iusticia

218 4508 419 4586 pugnaturus
448 4505 592 4569 exercitu
621 4509 776 4598 quantum
801 4505 832 4568 in
855 4504 948 4571 breui
970 4505 1080 4587 potnit
1102 4503 1239 4570 collecto
1264 4501 1377 4566 obuiat
1398 4501 1459 4565 ini·

218 4609 327 4677 micis:
358 4608 479 4675 ibidem
509 4608 639 4675 filiciter
668 4607 862 4676 occumbens
894 4614 1012 4690 quarto
1040 4607 1198 4676 kalendae
1225 4605 1356 4686 augusti
1378 4605 1460 4673 feria
