3668 5348
348 357 515 412 HISTORIA
532 359 580 411 Du
597 359 835 416 annumero
851 359 975 412 sucula
992 359 1304 411 nonwacmrvewnl.
1406 365 1447 426 37

210 543 363 610 mundum
394 557 455 624 per
487 540 739 621 elmarmenem1,
780 543 825 626 [id
856 541 929 623 esti,
964 542 1241 610 continuationem
1282 543 1446 626 temporis,

209 647 328 712 imitari
351 645 482 728 qnidam
507 647 733 727 aeternitatem,
756 649 814 712 sed
838 645 1084 729 apprehendere
1106 664 1170 712 nun
1201 664 1313 728 posse.
1357 648 1447 714 Daue

210 751 333 833 quippe
353 749 595 831 simplicissima
616 751 791 829 aeternitas,
820 749 1164 832 incircumscriptibilis
1195 753 1330 833 specie⁸,
1365 771 1447 836 pru·

207 853 391 922 aentuliter
411 853 658 922 universitatem
679 855 834 936 intuetur,
859 855 997 921 mundns
1019 871 1095 920 vero
1124 873 1183 936 per
1204 855 1446 924 vicissitudines

141 969 157 1015 ⁵
210 963 243 1026 et
264 963 414 1041 tempora
436 956 681 1025 diuersificatur.
724 959 761 1024 In
784 959 869 1024 huuc
892 975 1034 1024 errorem
1063 959 1319 1026 vicissitudinum
1352 979 1446 1028 secu·

206 1062 311 1128 lurum
332 1062 448 1128 incidit
470 1062 627 1144 Origines,
650 1064 770 1130 nubilis
797 1063 970 1130 tractator*
1000 1063 1183 1135 divinarum
1204 1066 1446 1146 seripturarum.

191 1167 297 1250 'quud
318 1168 400 1234 satis
424 1167 523 1250 (proh
546 1166 653 1248 dolor)
677 1169 785 1234 elucet
806 1169 841 1232 in
864 1169 921 1234 illo
943 1168 1038 1248 libro,
1062 1185 1160 1251 quam
1179 1169 1357 1234 intitulavit
1379 1167 1448 1248 περὶ

206 1261 311 1356 ἀρχῶν
334 1271 380 1350 (id
402 1279 465 1351 est,
488 1273 529 1336 de
546 1273 738 1354 principiist
758 1273 791 1338 in
807 1289 872 1354 quo
894 1271 997 1338 multa
1017 1289 1100 1338 vane
1122 1273 1163 1339 de
1180 1273 1446 1356 philosophorum

208 1378 302 1446 libris
325 1381 359 1444 et
384 1393 475 1442 saure
508 1376 664 1444 doctrinm
697 1378 863 1443 obviantia
895 1377 1108 1444 commiscuit.
1166 1379 1286 1444 Beatus
1318 1396 1447 1460 quoque

142 1497 174 1544 ro
208 1483 423 1563 Hieronymus
452 1480 589 1562 loquens
619 1481 660 1546 de
691 1483 902 1548 diminutione
936 1499 1108 1563 corporum
1143 1483 1338 1550 mentionem
1371 1483 1449 1548 lacit

210 1587 250 1654 do
274 1585 446 1653 duodecim
468 1585 643 1668 lapidibus,
666 1604 748 1668 quos
775 1585 832 1652 filii
854 1586 954 1654 lsrael
973 1586 1177 1654 sustulerunt
1199 1587 1240 1654 da
1263 1588 1354 1654 alveo
1372 1587 1447 1654 dor·
1553 1589 1554 1592 ’

209 1689 317 1758 danis⁵
335 1688 494 1770 lluruiuis,⁴
505 1708 577 1756 cam
593 1692 770 1757 transirent
780 1692 866 1756 amco
880 1691 1026 1772 vestigio,
1046 1691 1132 1756 sicut
1143 1695 1178 1756 et
1188 1691 1301 1756 anteu⁶
1316 1691 1447 1758 rubrum

210 1813 307 1874 mara,
327 1795 414 1861 unde
432 1801 466 1859 at
487 1795 657 1876 psalmista
677 1796 783 1860 cardi:
805 1796 911 1872 Quid
933 1801 997 1862 est
1018 1795 1097 1860 tibi
1121 1813 1242 1872 mare,
1266 1797 1372 1877 quod
1395 1794 1449 1861 lu·

210 1899 339 1982 gistil
373 1904 414 1964 et
441 1905 483 1966 tu
512 1899 726 1979 dardania,
756 1901 854 1982 quia
880 1917 1101 1966 conversus
1131 1917 1171 1966 ea
1199 1901 1449 1966 retrorsum?

142 2025 174 2070 re
208 2003 309 2091 Iussit
324 2021 463 2084 namque
475 2002 644 2082 Dominus,
662 2009 699 2068 ut
716 2023 755 2070 ax
769 1993 903 2084 singulis
920 2003 1068 2070 tribubus
1086 2003 1205 2082 singuli
1221 2005 1280 2070 viri
1299 2010 1448 2084 arpertu-

208 2113 283 2174 reut
303 2107 447 2189 lapidem
469 2125 568 2172 uuum
591 2125 689 2189 super
711 2107 814 2190 ripam
838 2106 988 2187 fluminis,
1010 2127 1106 2190 quem
1128 2107 1245 2176 leviter
1264 2107 1349 2174 ferre
1371 2123 1449 2189 pos·

210 2217 293 2291 aaut
312 2213 345 2278 in
365 2211 595 2277 testimonium·
604 2211 687 2278 tanti
707 2210 862 2292 miraculi,
876 2229 959 2294 quos
978 2212 1063 2280 idern
1084 2217 1216 2278 sauctus
1234 2211 1449 2294 Hieronymus

209 2321 411 2384 metaturae
433 2315 553 2382 vidisse
569 2334 672 2384 unum
692 2334 731 2382 aa
752 2317 800 2382 cis
823 2333 899 2382 casu
923 2315 1031 2398 aliquo
1044 2315 1182 2384 fractum
1206 2321 1240 2382 et
1259 2315 1347 2382 lerro
1370 2315 1446 2380 ruli·

211 2427 332 2504 gaturu,
355 2423 456 2486 unte
479 2437 554 2486 ease
577 2419 808 2500 magnitudinis
830 2437 1104 2502 unumquemque,
1134 2425 1171 2486 ut
1198 2421 1250 2488 via
1279 2420 1448 2486 advobus

144 2553 177 2599 ιο
215 2525 293 2590 viris
316 2523 393 2590 lerri
415 2530 537 2606 posset,
561 2524 640 2618 [non
663 2525 739 2606 quia
762 2524 889 2606 lapidea
912 2525 1099 2603 crevissent,
1122 2525 1182 2590 sed
1203 2525 1280 2605 quia
1300 2523 1448 2590 homines

215 2627 462 2696 decrevissentl.
506 2627 549 2694 Et
571 2633 660 2696 certe
679 2629 746 2712 jam
769 2647 863 2710 paene
894 2629 1070 2710 octingenti
1093 2629 1169 2697 auui
1192 2635 1277 2708 sunt,
1311 2647 1351 2698 ex
1384 2645 1448 2709 quo

210 2733 328 2800 benna
351 2731 569 2815 Hieronymus
591 2732 633 2800 ad
654 2751 755 2814 ragau
776 2734 936 2800 coelestia
960 2733 1119 2800 transivit.
1163 2734 1248 2798 Ante
1272 2731 1347 2800 Ιιοι8
1367 2749 1449 2814 quo-

211 2855 275 2918 que
296 2836 366 2903 iere
389 2837 600 2918 septuaginta
621 2853 722 2903 anuos
745 2843 895 2919 repertus
919 2841 972 2903 eet
993 2837 1225 2906 RomnPullas
1249 2835 1450 2902 liliusllvau-

280 3021 360 3078 1Δῦ
378 3024 403 3073 Κ
422 3023 521 3074 aldran
542 3017 740 3102 εἰμαρμινην.
786 3023 876 3080 'Alc
905 3027 924 3076 S
950 3029 996 3076 har
1021 3035 1049 3070 a:
1092 2991 1193 3077 ’manc
1211 3027 1219 3074 l
1237 3027 1270 3075 Κ.
1303 3039 1373 3090 apem
1396 3023 1450 3075 AS.

210 3127 300 3180 ’ΔΚ
318 3135 438 3178 tractatur
455 3125 481 3178 S.
518 3122 607 3178 ’Ait
625 3127 763 3179 Jordanuir
780 3129 806 3180 S.
842 3125 930 3182 ’ΔΚ
948 3139 1009 3180 aute
1026 3131 1052 3182 S.
1088 3125 1150 3182 'A.
1176 3129 1216 3182 rra
1241 3123 1451 3197 [cvmpmuget

212 3219 238 3270 S.
274 3213 362 3268 ‘Alc
380 3217 430 3266 hoc
447 3213 474 3266 Β.

297 3357 325 3414 6.
371 3345 529 3430 Origiues]
551 3353 616 3412 srnl.
641 3352 773 3430 Originis
797 3353 835 3414 da
869 3354 1032 3430 principiis
1066 3355 1236 3429 interprete
1268 3351 1377 3412 Rufino
1399 3351 1451 3412 lib.

211 3461 286 3538 119.
312 3457 346 3518 5:
390 3457 558 3518 Multorum
583 3459 762 3520 annulorum
783 3459 853 3518 finis
877 3457 990 3518 ‹licItur
1012 3477 1080 3518 ease
1103 3458 1152 3520 hic
1175 3457 1317 3526 mundus,
1342 3457 1393 3532 qui
1422 3459 1453 3512 et

214 3565 282 3641 ipae
305 3561 451 3629 saeuum
472 3561 592 3620 dieitur.

301 3669 347 3728 13.
390 3657 566 3743 psalmista]
589 3665 667 3726 Psal.
692 3665 795 3737 CXIII,
820 3671 837 3724 5
861 3661 1100 3738 (JKirohmanu).

303 3775 351 3834 15.
392 3761 554 3845 Dominus]
577 3769 643 3830 sml
667 3769 719 3828 lib.
743 3769 839 3830 Josue
859 3770 900 3830 lv
927 3773 956 3828 1:
1001 3769 1119 3842 Quibus
1146 3767 1348 3846 transgressis
1378 3766 1454 3826 dixit

214 3878 362 3938 Dominus
384 3876 425 3935 ad
445 3875 553 3938 Ioaua:
576 3873 664 3950 Elige
688 3874 849 3934 duodecim
865 3876 947 3935 viros
966 3873 1103 3950 singulos
1115 3893 1173 3950 per
1196 3871 1332 3948 singulas
1354 3871 1453 3932 tribus

206 3983 469 4058 ‚apr-ncipatum,
491 3985 526 4038 ut
547 3978 659 4040 tollant
680 3979 718 4038 de
740 3978 990 4039 mediolerdanis
1007 3979 1105 4052 alveo,
1126 3977 1179 4039 ubi
1191 3979 1345 4036 steterunt
1356 3974 1452 4052 pedes

215 4085 418 4156 sacerdotum,
439 4083 599 4146 duodecim
612 4083 792 4144 durissimos
813 4081 942 4160 lapidea,
961 4101 1038 4160 quoa
1050 4083 1173 4160 ponetis
1193 4082 1224 4142 iu
1246 4080 1315 4140 loco
1339 4084 1453 4140 cutro-

215 4209 291 4262 rum,
313 4190 368 4247 ubi
389 4189 519 4250 fixeritis
539 4189 596 4248 hac
618 4193 709 4248 nocte
731 4189 874 4246 teutona.

300 4297 351 4354 22.
393 4285 549 4367 transivit]
563 4293 618 4365 „D.
632 4292 832 4366 Hieronymus
845 4292 922 4350 obiit
934 4293 991 4352 Au.
1004 4289 1118 4352 Christi
1129 4287 1367 4352 consecrandum
1379 4289 1455 4348 veri·

216 4418 287 4460 ores
298 4394 573 4476 chronographce“
590 4391 813 4474 (Stephanius),
830 4397 931 4454 alteas
949 4417 975 4454 c.
996 4396 1130 4455 lauder
1145 4393 1254 4460 iurand
1267 4393 1333 4470 Thj.
1353 4391 1454 4454 akrav.

301 4505 352 4567 23,
396 4509 466 4564 aute
488 4503 544 4564 hos
569 4519 690 4578 quoqne
711 4501 776 4560 fere
800 4503 996 4577 septuaginta
1023 4491 1133 4576 annos]
1166 4498 1274 4558 Daune
1306 4498 1455 4574 Begiven·

216 4609 279 4674 bad
297 4607 444 4674 hamaran
468 4607 559 4671 sllsra
582 4605 749 4666 tillium
771 4605 887 4664 Heni-ilc
908 4604 978 4666 lIl’a
1000 4603 1067 4678 Tiri,
1100 4605 1110 4661 i
1143 4602 1276 4666 Annales
1309 4605 1386 4682 regii
1418 4602 1454 4660 cil
