3640 5342
1381 351 1443 427 239

224 607 228 614 .
287 537 396 610 Lectio
418 539 452 625 ij.
496 541 642 625 Contigit
659 549 768 612 autem
791 551 826 612 vt
844 543 940 612 ambo
961 545 992 612 in
1019 545 1231 628 expedionem
1255 564 1327 612 cnm
1349 547 1441 611 innu-

202 667 331 716 merosa
353 649 460 714 classe
481 646 634 732 proiecti:
658 652 788 718 atinde
810 651 921 716 multis
940 651 1057 733 opibus
1081 657 1115 715 et
1135 651 1275 717 nauibus
1297 652 1441 734 copiosis

201 755 392 838 locupletati
419 759 650 821 reuerteretur.
702 756 848 834 Quadam
878 774 955 838 ergo
986 757 1038 822 die
1067 773 1138 820 cum
1167 756 1273 844 spolia
1293 758 1379 822 inter
1405 775 1441 824 ae

202 861 341 926 diuisuri
364 859 610 926 conuenissent:
633 861 745 928 videns
768 881 824 928 rex
844 861 991 944 prelatus
1014 861 1147 944 predam
1171 861 1439 928 innumerabilem

152 982 167 1028 a
202 984 313 1033 amore
342 967 532 1049 cupiditatis¹
559 971 731 1032 excecatus
761 971 827 1033 ast:
862 971 897 1033 et
923 973 1034 1033 mutue
1065 967 1233 1033 societatis
1264 972 1299 1032 at
1325 967 1441 1032 alterni

202 1073 397 1139 sacramenti
424 1075 630 1152 contemptor
656 1072 811 1154 proponit
838 1073 911 1138 duci
937 1077 973 1137 rt
994 1072 1094 1153 eligat
1115 1091 1211 1137 vnum
1235 1073 1321 1154 quod
1343 1072 1444 1138 vellet

97 1185 112 1208 ·
203 1176 388 1244 erluobus:
418 1180 477 1242 aut
498 1176 593 1242 miebi
620 1177 727 1259 inquit
749 1179 857 1243 omnia
878 1178 1041 1259 relinque:
1065 1197 1137 1244 cum
1160 1179 1299 1244 nauibus
1320 1178 1441 1260 spolia:

203 1291 261 1350 aut
283 1302 302 1350 a
324 1303 376 1349 me
405 1281 528 1348 bellum
556 1281 615 1347 tibi
644 1283 769 1348 illatum
799 1282 987 1348 sustinebis.
1032 1283 1123 1348 Inter
1147 1283 1356 1366 bas'positua
1380 1284 1443 1348 dux

203 1389 387 1474 gnttomins
409 1388 597 1470 angustias:
621 1405 685 1471 qno
707 1405 743 1454 se
765 1393 910 1455 verteret
930 1388 1107 1455 nesciebat.
1152 1389 1349 1472 Relinquere
1370 1408 1443 1471 pre·

138 1505 169 1552 ¹0
204 1496 278 1562 dam
300 1494 458 1560 nauibus:
488 1499 583 1576 turpe
612 1493 674 1559 sibi
706 1499 740 1560 et
766 1493 954 1559 indecorum
981 1493 1077 1560 nimis
1104 1494 1292 1560 videbatur:
1322 1495 1442 1560 bellum

204 1607 312 1668 antem
346 1599 514 1680 suscipere
546 1600 767 1681 periculosum
801 1597 975 1664 admodum
1004 1604 1084 1663 erat.
1135 1599 1217 1666 Erat
1248 1601 1333 1665 enim
1361 1601 1448 1666 inter

203 1705 367 1772 exercituo
398 1703 529 1786 grandis
556 1703 729 1770 distantia:
758 1706 833 1770 nam
863 1723 919 1770 rex
940 1703 1109 1786 predictus
1131 1705 1315 1786 quindecim
1344 1723 1446 1770 naues

203 1811 361 1877 babuisse
389 1809 521 1875 dicitur:
549 1809 614 1874 dux
639 1826 717 1874 raro
746 1813 874 1874 tantum
896 1811 1049 1891 quinque.
1094 1808 1167 1874 Dux
1188 1810 1300 1892 itaque
1323 1811 1447 1890 anxius,

203 1915 363 1983 biduanas
392 1915 488 1997 patijt
516 1914 664 1980 inducias
696 1915 724 1978 si
755 1912 839 1978 iorte
861 1920 1032 1997 tyrannum
1056 1934 1075 1979 a
1097 1915 1243 1997 nequitia
1266 1913 1449 1995 excogitata

139 2041 170 2088 ra
204 2021 311 2104 possit
333 2017 522 2086 deflectere:
547 2037 620 2084 nam
633 2019 748 2084 eodem
773 2019 825 2084 die
849 2025 920 2110 arat
940 2020 1048 2102 vigilia
1066 2019 1153 2085 beati
1178 2022 1328 2102 martyris
1353 2018 1449 2084 claui.

290 2133 371 2209 Rmp.
417 2131 608 2209 Oqaanlua.
655 2127 708 2203 [ε
730 2149 761 2207 p.
787 2122 902 2208 229’¹].

289 2226 397 2295 Lectio
420 2230 467 2313 iij.
513 2229 690 2311 Postquam
713 2247 789 2294 vero
813 2229 954 2294 animum
976 2228 1107 2295 barbari
1129 2229 1226 2296 uallis
1247 2230 1356 2311 potuit
1375 2247 1448 2310 pre-

207 2334 298 2400 cibus
329 2335 489 2400 emollire:
521 2334 621 2415 elegit
649 2333 785 2400 honeste
813 2335 923 2416 potius
951 2335 1031 2399 mori
1062 2353 1159 2416 quam
1192 2353 1263 2400 cum
1288 2327 1477 2424 ‹ledecorel

206 2444 298 2504 tanto
326 2445 360 2504 et
389 2437 522 2504 iniamia
549 2439 600 2502 sui
629 2439 758 2520 generis
785 2439 890 2522 spolia
919 2457 979 2503 sna
1007 2455 1079 2506 oum
1102 2439 1240 2504 nauibus
1263 2439 1448 2520 relinquere

138 2557 172 2608 ao
207 2549 362 2627 tyranno:
385 2545 461 2625 quia
484 2549 592 2607 tamen
606 2544 780 2608 humanum
798 2544 926 2610 deerat:
951 2543 1095 2608 diuinum
1109 2545 1263 2626 implorat
1285 2543 1447 2622 auxilium,

206 2653 240 2714 et
262 2648 393 2714 beatum
416 2652 591 2730 martyrem
621 2647 768 2712 clauum:
798 2659 833 2712 vt
861 2649 926 2713 eibi
955 2655 1125 2714 succurrat
1153 2649 1272 2714 deuote
1295 2653 1450 2731 precatur

206 2759 241 2820 et
267 2772 393 2820 crucem
422 2757 610 2831 argenteam
640 2751 792 2833 promisit
819 2771 856 2818 se
885 2752 1045 2820 iacturum
1068 2753 1101 2818 in
1125 2751 1264 2819 ecclesia
1286 2755 1447 2836 martyria.

155 2911 163 2920 .
207 2859 292 2936 Quid
315 2857 439 2922 multa?
459 2857 618 2922 Ordinato
631 2856 775 2920 exercitu
791 2857 930 2923 inimicis
942 2860 1084 2924 occurrit
1106 2859 1303 2940 agminibus:
1329 2862 1363 2923 et
1384 2858 1449 2922 ior·

206 2963 332 3028 tissime
356 2961 513 3027 dimicans
541 2980 604 3044 ope
632 2961 744 3026 cbristi
776 2965 811 3026 ct
831 2961 1056 3042 gloriosissimi
1078 2963 1227 3046 martyris
1250 2965 1448 3043 interuentu,

140 3087 172 3136 ae
206 3073 310 3133 totam
341 3069 550 3133 barbarorum
574 3064 815 3131 multitudinem
838 3071 1026 3148 prosternit.
1069 3069 1242 3152 Inopinata
1266 3084 1343 3149 ergo
1367 3066 1449 3148 poti-

205 3177 259 3239 tus
294 3173 448 3239 vlctoria:
483 3191 609 3238 erucem
642 3171 722 3237 feeit
748 3176 933 3252 argenteam
965 3175 1045 3239 mire
1075 3173 1323 3255 magnitudinis:
1353 3171 1448 3250 longe

205 3279 339 3344 humani
365 3278 511 3360 corporis
538 3277 679 3364 modum
700 3275 927 3342 excedentem:
960 3282 994 3342 et
1021 3281 1132 3359 posuit
1155 3299 1225 3344 eam
1248 3279 1280 3342 in
1304 3275 1447 3342 ecclesia

206 3382 295 3448 beati
319 3384 468 3466 martyris
491 3381 533 3448 ad
560 3399 679 3464 corpus
707 3381 776 3446 eius
810 3383 842 3447 in
876 3382 978 3447 diuini
1005 3383 1174 3463 triumphi:
1209 3389 1243 3449 et
1275 3381 1446 3463 inopinate
1500 3367 1502 3372 ’

206 3487 343 3552 victorie
365 3505 461 3568 quam
479 3505 544 3568 per
564 3489 681 3552 merita
703 3488 772 3553 eius
796 3487 984 3554 obtinuerat
1005 3485 1248 3553 monimentum.

141 3611 175 3657 ao
293 3597 377 3674 Καρ.
420 3599 532 3657 Iustus.
579 3591 632 3675 [=
655 3619 686 3677 p.
711 3591 823 3676 233³⁹].

293 3696 349 3760 Ad
371 3695 481 3760 laudea
502 3699 535 3759 ot
556 3697 590 3759 in
613 3695 663 3760 die
685 3703 804 3762 sancio.

292 3811 441 3888 anaphora
462 3829 542 3886 super
564 3809 734 3868 Benedictus.
777 3809 909 3887 Egregie
936 3811 985 3869 dei
1008 3815 1121 3886 martyr
1144 3831 1197 3870 raa
1220 3813 1311 3871 olaue
1334 3819 1448 3890 quauta
1468 3799 1486 3806 μ

207 3917 332 3978 laudum
349 3916 496 3992 preconio
509 3914 702 3974 extollendus
719 3935 766 3974 aa:
790 3917 842 3991 qai
864 3919 1023 3991 prasentia
1042 3919 1229 3976 sanctissimi
1249 3920 1296 3976 tui
1310 3921 1448 3995 eorporis

209 4023 347 4083 ostendis
371 4023 517 4099 qnantum
528 4019 630 4078 valeas
643 4021 673 4078 in
687 4019 761 4078 calis
780 4039 849 4078 narn
868 4022 949 4097 agria
969 4023 1104 4096 sospitas
1127 4023 1286 4082 redditur:
1308 4026 1448 4099 priuatus

142 4133 175 4179 ³⁵
208 4129 313 4206 lingna
334 4128 488 4204 loquitur:
512 4125 663 4202 pluraque
685 4124 836 4184 beneficia
856 4128 1033 4186 meritorum
1056 4126 1261 4187 declarantur.
1403 4103 1406 4110 Ι

297 4223 418 4290 Oratio.
463 4223 677 4305 OMnipotens
698 4223 896 4305 sempiterne
920 4222 1014 4290 deus:
1038 4224 1243 4292 maiestatem
1261 4233 1349 4291 tuam
1373 4245 1449 4307 sup·

209 4328 340 4410 pliciter
362 4345 547 4394 exoramus:
577 4332 612 4393 vt
638 4329 725 4393 sicut
752 4329 868 4394 beatus
892 4330 1007 4394 clauus
1031 4336 1088 4395 tua
1110 4331 1317 4410 prouidentia
1338 4349 1395 4395 rex
1418 4329 1450 4394 in

208 4432 305 4498 terris
329 4433 438 4498 extitit
457 4433 652 4498 catholicus:
676 4433 723 4498 ita
744 4435 829 4515 apud
852 4440 939 4500 tuam
966 4435 998 4499 in
1020 4435 1100 4500 celis
1116 4435 1370 4502 misericordiam
1389 4455 1448 4518 pro

210 4538 303 4604 nobis
326 4539 525 4602 intercessor
547 4537 591 4602 sit
619 4539 691 4619 ipse
714 4543 905 4620 perpetuus.

142 4657 176 4743 to
295 4641 348 4707 De
368 4642 564 4724 montitibus
585 4643 767 4724 antiphona.
813 4651 1035 4714 anneraada
1056 4657 1229 4728 martyram.
1275 4645 1324 4710 bt.
1345 4646 1381 4730 ij.
1449 4675 1455 4686 ·
