3668 5348
371 343 413 405 40
804 334 997 390 memnonios
1015 333 1186 398 mousom.

374 520 483 587 miseri
523 521 625 601 magis
667 517 805 604 [eligunt
836 524 983 586 sanctum
1020 521 1079 588 Dei
1112 522 1275 590 hostiliter
1307 527 1464 607 tenetote
1498 527 1609 607 quam¹

374 624 529 689 salutaria
550 623 621 706 ejus
645 625 766 688 monita
789 623 965 705 suscipere.
1010 623 1130 691 Omnes
1147 631 1258 710 itaque
1275 631 1346 710 regi
1365 629 1493 696 obviem
1512 635 1610 695 ruunt

374 733 408 794 et
418 729 606 812 properanti
618 730 721 809 gradu
744 729 785 792 erl
807 729 923 806 locum,
944 731 998 809 qui
1018 715 1379 812 diciturSticlastaoer²,
1402 735 1608 815 perveniunt3

323 919 327 926 ι
374 839 590 914 precesserat
614 838 722 898 tamen
756 851 813 897 cos
840 833 935 899 Dichr
956 835 1091 900 nuncius
1112 837 1197 917 regis
1220 845 1256 902 et
1277 837 1475 904 obstinatam
1498 852 1609 904 eorum

376 936 533 1002 malitiam
556 937 625 1018 regi
648 937 863 1002 intimaverat.
1660 951 1676 998 o

458 1041 580 1106 Beatus
609 1042 719 1122 itaque
747 1041 866 1106 Olavus
900 1039 1008 1107 divina
1034 1045 1235 1112 revelatione
1268 1046 1452 1114 admonitus
1486 1046 1610 1110 obitum

350 1161 469 1210 ‘snum
497 1144 735 1226 quedammodo
757 1147 956 1227 presagivit,
976 1149 1175 1229 vocansquc³
1202 1149 1243 1214 ad
1266 1166 1310 1229 se,
1338 1155 1375 1215 ut
1403 1149 1515 1229 fertur,
1547 1150 1613 1216 dis·

375 1254 583 1332 pensatorem
606 1265 699 1314 suum
726 1249 820 1330 J'ubet
847 1249 902 1330 ilii,
929 1256 967 1315 ut
992 1252 1151 1334 speciales
1184 1252 1405 1336 eleemosynas
1429 1271 1487 1334 pro
1510 1255 1611 1319 omnl-

375 1355 445 1434 bns,
469 1354 523 1434 qui
540 1355 573 1418 iu
590 1352 707 1419 eodem
722 1354 838 1435 proelio
855 1359 968 1420 contra
983 1373 1020 1424 sc
1036 1373 1126 1421 arma
1147 1355 1281 1422 ferendo
1305 1361 1412 1424 casuri
1436 1362 1555 1436 assent,
1571 1373 1613 1422 cx

377 1459 467 1541 regia
484 1457 625 1539 pecunia
645 1459 762 1525 devote
780 1458 959 1540 largiretur,
972 1477 1037 1524 nou
1054 1462 1224 1526 immemor
1233 1463 1390 1543 praecepti
1403 1463 1532 1529 Domini
1545 1463 1611 1526 sui:
1648 1476 1680 1524 ru

377 1563 558 1642 Diligite
581 1563 763 1629 inimicos
786 1569 960 1642 vestros,
984 1564 1219 1632 benefacite
1251 1566 1313 1632 his
1344 1567 1411 1647 qui
1441 1567 1615 1632 oderunt

378 1685 461 1733 vos.
503 1667 600 1732 Libet
611 1668 663 1732 bic
682 1668 800 1734 intueri
814 1667 970 1758 [abimum
987 1673 1138 1753 martvris
1158 1669 1290 1736 uostri‘r
1313 1669 1443 1736 furobnt
1460 1687 1614 1752 persecu·

379 1771 501 1838 torum⁵
519 1771 627 1836 rabies
648 1778 681 1836 et
700 1771 884 1838 miseranda
900 1775 1048 1840 cecitate
1064 1775 1203 1856 perculsi
1221 1774 1344 1839 crudeli
1355 1772 1487 1840 inicmia
1498 1773 1615 1839 debac-

383 1875 563 1942 cbabantur
580 1875 613 1940 in
633 1881 778 1940 sanctum
797 1871 874 1954 D'ei3
897 1875 952 1942 ille
970 1883 1047 1944 vero
1066 1885 1176 1944 manet
1200 1877 1352 1943 immotus
1376 1883 1410 1942 ct
1430 1877 1463 1942 in
1485 1861 1614 1943 Christo

380 1979 541 2058 fundatus,
572 1978 670 2043 soluti
692 1982 956 2061 persequentium
979 1978 1212 2061 providendum
1235 1986 1336 2061 curat,
1359 1989 1393 2046 et
1414 1982 1477 2046 hoc
1498 1983 1531 2046 iu
1553 1981 1613 2046 teli
1648 2006 1680 2054 rs

378 2080 585 2162 necessitate,
608 2083 662 2148 ubi
690 2083 827 2166 quilibet
849 2085 946 2148 etism
971 2085 1212 2150 carissimorum
1235 2100 1367 2151 suorum
1389 2085 1536 2150 oblivisci
1557 2101 1617 2167 po·
1697 2083 1700 2090 '

379 2187 508 2252 tuisset.
552 2187 762 2266 Auditcheec
786 2186 933 2268 obsecro,
956 2187 1235 2270 uuiversipopuli:
1259 2191 1388 2254 viriste
1407 2193 1503 2254 nutus
1523 2207 1617 2270 paene

380 2291 413 2356 in
446 2290 568 2357 ultimis
591 2287 739 2373 partibus
763 2291 922 2371 aquilonis
951 2291 1036 2356 iuter
1064 2291 1221 2358 barbaros
1253 2295 1287 2359 et
1308 2293 1456 2358 incultos.
1498 2289 1616 2357 Videte

382 2395 478 2477 quale
509 2393 599 2460 eidus
631 2395 809 2474 emicuerit,
833 2413 928 2476 quam
951 2393 1090 2475 humilis,
1114 2413 1209 2476 quom
1233 2387 1390 2478 sublimis,
1415 2399 1449 2463 et
1470 2391 1531 2459 hoc
1553 2410 1617 2460 non

384 2500 418 2588 iu
440 2496 550 2564 servili
572 2497 766 2578 conditione,
790 2497 849 2564 seu
870 2499 903 2563 in
932 2497 1033 2580 regali
1056 2497 1196 2580 fastigio.
1240 2497 1506 2580 Animadvertite
1529 2499 1617 2582 quali
1652 2531 1686 2578 20

385 2602 491 2669 auimo
519 2601 640 2668 bellum
669 2603 842 2684 paraverit,
867 2600 943 2684 quid
966 2604 1150 2670 intenderit.
1196 2601 1246 2688 [In
1268 2611 1421 2686 promptu
1444 2614 1542 2670 cause
1566 2607 1619 2670 est

454 2841 531 2895 ’ΔΚ
557 2845 597 2895 irs
615 2841 627 2906 [
645 2855 826 2912 ovcrsprcnget
842 2845 850 2893 i
868 2843 894 2895 S.
937 2842 1043 2894 ’restet
1085 2843 1260 2898 Sticlsstsd'ar
1278 2845 1339 2896 ΔΚ.
1378 2845 1542 2896 Stiolurtader
1566 2845 1615 2895 SB.

293 2927 297 2936 ’
386 2922 440 2983 ⁸8.
458 2934 602 2996 vocatisque
621 2935 655 2983 A.
689 2935 839 2996 vocavitque
856 2932 890 2983 K.
924 2928 1012 2982 *Ait
1031 2930 1149 2998 martyris
1168 2933 1247 2983 nostrl
1264 2933 1377 2983 ocimum
1395 2933 1421 2984 S·
1463 2930 1543 2984 ‘stt
1561 2938 1616 2995 pat·

383 3029 524 3071 seculorem
544 3022 576 3071 A.

468 3241 497 3298 s.
541 3226 727 3314 admonitus]
751 3236 804 3296 cir.
827 3234 990 3314 Legenden
1013 3239 1036 3310 I,
1062 3236 1109 3298 10.

468 3343 496 3399 Β.
542 3332 750 3418 dispensator]
788 3354 978 3414 „economus
1009 3343 1115 3401 domus
1138 3345 1241 3420 regiae,
1263 3345 1313 3402 cui
1336 3343 1470 3402 creditur
1493 3344 1618 3403 admini-

386 3449 494 3505 stratio
517 3427 735 3523 pecumiarmm“
761 3436 944 3520 (Ducungs).
1236 3427 1238 3434 Α

345 3607 349 3618 ,
469 3553 497 3608 8.
543 3542 802 3627 dispensatorem]
826 3549 961 3624 csrclog.
987 3549 1138 3626 sagallii:
1165 3553 1222 3627 „be
1242 3553 1286 3611 lat
1306 3551 1387 3610 hsnu
1409 3553 1491 3612 lrslla
1512 3553 1549 3612 til
1571 3553 1619 3612 sin

384 3655 542 3714 boanda
568 3656 647 3713 sinn.
679 3653 763 3714 sitan
784 3653 853 3714 fece
884 3655 965 3712 hunc
987 3653 1097 3716 henum
1120 3652 1149 3716 le
1173 3654 1259 3713 mikit
1282 3675 1318 3712 oo
1340 3655 1396 3716 bat
1417 3655 1499 3716 hsnn
1522 3657 1620 3716 sarsi
1694 3633 1701 3646 ³

383 3758 484 3817 haerot
506 3778 525 3816 c
545 3758 637 3817 brsut
658 3779 693 3818 oc
716 3758 819 3835 kaupo
841 3758 977 3820 sslotibir
998 3765 1030 3818 at
1050 3759 1169 3820 lmrtom
1193 3777 1334 3818 manuum
1357 3759 1421 3819 lirir
1450 3761 1496 3818 sal
1520 3760 1621 3834 boirra

384 3882 494 3922 manna
516 3883 550 3921 er
570 3865 663 3922 innota
686 3881 750 3922 mer
772 3882 825 3921 ero
848 3881 885 3920 oc
908 3863 982 3922 iolla
1002 3866 1013 3922 i
1034 3865 1250 3940 berdagsnom.
1294 3863 1376 3922 Firir
1393 3862 1494 3937 beirna
1510 3881 1622 3923 menna

385 3967 431 4024 sal
463 3966 573 4024 minrlir
599 3967 639 4040 bu
672 3967 746 4026 vitis
777 3966 848 4042 gaia
879 3986 912 4026 sr
940 3969 1005 4026 rusb
1030 3968 1087 4042 bar
1113 3967 1187 4025 lalla
1215 3967 1293 4042 quet
1322 3965 1496 4026 boundunn.
1538 3967 1621 4028 Diris

385 4069 464 4144 belm
497 4087 531 4128 or
561 4069 652 4129 imote
686 4088 750 4128 ruer
782 4088 835 4128 ero
870 4072 962 4148 sugbe
995 4073 1206 4146 lrouongrenn.
1240 4089 1275 4130 sn
1310 4089 1363 4130 var
1393 4089 1515 4130 monam
1544 4073 1621 4132 aller

386 4191 489 4231 seman
521 4173 659 4250 biargart
680 4174 769 4232 mimir
792 4173 912 4234 menn“.
968 4177 981 4234 l
1011 4177 1064 4234 det
1091 4174 1258 4249 belsjandte
1279 4174 1387 4234 moleri
1415 4175 1464 4234 l’ra
1484 4175 1621 4238 mnne·

385 4275 681 4352 monsbonionis,
705 4295 770 4336 som
799 4297 840 4337 nu
871 4299 905 4338 er
933 4283 944 4338 i
974 4281 1027 4338 dat
1049 4279 1190 4338 olrinord.
1212 4279 1352 4338 Mutuum
1374 4281 1384 4337 i
1406 4277 1619 4354 Kjebcuhavn,

383 4383 472 4458 gives
493 4380 569 4441 Olav
589 4381 690 4459 Penge
712 4383 750 4442 til
773 4383 983 4458 Sjoelomesser
1003 4383 1039 4442 til
1062 4401 1099 4440 sn
1122 4369 1305 4457 lleistlig
1332 4379 1474 4455 (Undsot,
1500 4381 1620 4442 lloralts

387 4483 536 4562 Oldsagsr
556 4487 567 4544 i
590 4486 706 4545 iromnn
728 4485 860 4547 messes
877 4489 906 4547 S.
931 4489 1078 4554 67-68t

473 4591 520 4648 10.
564 4595 754 4668 preceptum
776 4583 913 4666 Domini]
937 4590 1045 4648 Matth.
1068 4590 1122 4650 Eu·
1146 4591 1178 4662 V,
1202 4592 1241 4648 44
1266 4582 1506 4663 (JKirchmamn).
