3668 5348
368 351 537 404 HISTORIA
554 351 602 402 DE
621 349 857 407 multidinum
874 350 997 402 REHUM
1015 348 1327 400 NORWAGIENHIUM.
1413 353 1453 412 43

218 541 365 618 quatuor.
408 535 502 602 Bsds
533 553 674 616 sequens
703 533 898 600 Hebrsioam
927 533 1096 598 veritatem
1128 531 1240 598 decem
1275 538 1310 596 et
1339 549 1454 598 norem

220 659 319 706 annos
349 642 454 706 minus
479 641 573 722 ponit
594 639 745 718 Eusebio,
775 639 807 704 id
834 638 909 719 est¹‚
938 639 1002 705 tria
1024 636 1123 702 millia
1146 633 1342 716 nongentos²
1364 637 1455 717 quin-

220 746 376 828 quaginta
397 745 490 810 dnos.
542 743 635 826 Hunc
657 744 807 824 sequitur
827 743 995 824 Remigius
1019 740 1297 808 dutisiodorensis
1329 740 1455 822 episco-

217 867 290 931 pus,
319 851 368 914 vir
394 851 427 914 in
453 847 574 916 literali
605 847 744 916 seientia
768 847 911 930 'adplene
939 849 1126 926 instructus,
1148 863 1208 912 neo
1231 846 1262 910 in
1284 862 1348 910 uno
1371 863 1455 910 anno

169 961 185 1008 ⁵
221 954 261 1021 ab
294 972 333 1020 eo
363 953 570 1020 dissentiens.
620 952 716 1034 Hugo
740 969 868 1034 quoque
891 951 1082 1020 Parisiensis
1104 950 1291 1026 canonieus,
1314 949 1454 1016 omnium

214 1059 337 1142 jndicio
370 1057 496 1140 absque
529 1058 597 1122 nlla
629 1057 848 1139 refragatione
877 1055 1145 1140 diligentissimus
1178 1057 1345 1134 tractator,
1379 1054 1455 1120 bea-

219 1170 288 1230 tum
316 1163 547 1246 Hieronymum
578 1162 769 1244 e·vestigio
798 1167 941 1239 secutus,
973 1165 1010 1224 ut
1037 1161 1068 1225 in
1105 1159 1257 1225 chronica
1285 1176 1345 1227 sua
1373 1161 1454 1226 satie

220 1269 336 1348 elucet,
368 1267 562 1334 Hebroioam
594 1268 628 1332 in
662 1266 810 1360 omnibus
844 1264 978 1348 prefert
1010 1265 1191 1330 veritatem.
1243 1263 1327 1330 Sunt
1357 1264 1457 1346 igitur

220 1373 400 1440 secundnm
429 1372 659 1454 Hieronymum
691 1375 725 1436 et
757 1371 939 1450 sonutam,
972 1382 1069 1451 quam
1103 1370 1176 1451 ipse
1207 1367 1456 1448 diligentissime

154 1481 185 1529 1⁰
220 1479 262 1544 de
291 1475 463 1544 Hebraicis
495 1474 641 1542 lontibus
669 1475 789 1556 elicuit
824 1476 898 1541 anui
931 1476 972 1540 ab
1000 1474 1102 1540 ddum
1132 1473 1173 1538 sd
1203 1473 1365 1540 Christum
1394 1473 1458 1538 tris

220 1581 324 1648 millia
344 1581 498 1663 nongenti
521 1581 762 1664 quinquagenta
783 1579 872 1647 duo’.
915 1579 996 1646 Haeo
1024 1577 1064 1644 de
1086 1579 1275 1646 diversitate
1297 1577 1455 1644 calculan-

222 1688 302 1752 tinm
323 1685 411 1752 diota
433 1684 603 1751 sufiiciunt.

306 1789 475 1870 Quomodo
508 1805 585 1854 vero
618 1805 693 1854 mox
725 1789 928 1870 omnipotens
957 1789 1048 1854 Deus
1080 1787 1195 1852 merita
1227 1787 1377 1869 martyris
1408 1787 1457 1851 sui

222 1896 315 1962 Olavi
328 1893 543 1962 declaraverit
561 1893 656 1958 caeeis
679 1892 969 1978 risum-reddendo
993 1897 1026 1958 et
1047 1891 1148 1958 mults
1171 1891 1340 1962 commoda
1362 1881 1457 1972 aegris

156 2001 187 2046 ¹⁶
224 1999 416 2066 mortalibus
450 1995 678 2087 impendendo,
709 2003 742 2062 et
776 1997 916 2078 qualiter
947 1997 1119 2079 episcopus
1155 1993 1299 2061 delrel
1330 2029 1373 2044 -
1404 1995 1458 2077 qni

222 2103 285 2170 luit
310 2103 396 2170 filius
425 2103 535 2167 fratris
558 2099 714 2190 Signandi
745 2100 897 2183 episcopi,
929 2118 1025 2183 quem
1048 2099 1170 2166 Olavus
1193 2098 1278 2165 filius
1300 2097 1460 2182 Tryggva⁴

223 2227 333 2276 senum
363 2206 543 2273 adduxerat
565 2205 605 2271 de
628 2205 742 2286 Anglia
762 2205 803 2254 ’-
828 2211 904 2288 post
927 2223 1043 2271 annum
1068 2211 1101 2269 et
1124 2205 1265 2286 quinque
1288 2204 1358 2270 dies
1381 2204 1457 2268 bea-

294 2435 383 2491 ¹Ali.
400 2437 460 2501 rugi.
479 2437 504 2488 S.
539 2432 612 2486 ’KH
631 2437 766 2500 nongentis
784 2437 817 2487 A.
855 2430 935 2487 ἈΒ-
953 2436 961 2484 1
979 2437 1099 2485 Roudon:
1118 2435 1280 2499 septuaginta
1298 2433 1465 2494 nnam,l1vil-

226 2529 270 2578 kst
293 2527 319 2578 K
338 2535 447 2592 opteger
465 2526 472 2574 i
489 2524 591 2576 'dexteri
610 2526 618 2574 i
638 2522 776 2576 Klammer.
812 2519 824 2550 ⁴
841 2532 923 2574 rottet.
958 2524 1080 2587 Tryggys
1098 2523 1130 2572 A.
1148 2521 1263 2585 Tryggia
1280 2519 1307 2572 S.

312 2741 339 2796 1.
383 2733 483 2812 Bada]
508 2738 573 2797 sml.
597 2737 743 2797 Hellade
765 2737 957 2810 temporibus
979 2736 1125 2812 Canbid:
1149 2734 1296 2793 Dominus
1320 2723 1465 2804 messibus,

227 2843 389 2920 eompletis
417 2842 455 2901 ab
486 2842 583 2901 Adam
606 2844 693 2902 anuis
716 2839 1007 2912 Mrdltncucohll,
1028 2842 1118 2917 juxta
1138 2839 1216 2897 alios
1239 2832 1284 2912 (01
1309 2839 1348 2895 70
1373 2838 1467 2895 inter·

221 2941 347 3027 prebes)
369 2945 665 3008 mmmmmcxcix.
1383 2943 1385 2946 ’

313 3055 341 3112 3.
385 3043 555 3128 Remigius]
578 3069 633 3110 var
653 3049 861 3127 inuenietur),
884 3067 952 3108 msn
966 3049 1174 3108 Scholastieus
1198 3050 1208 3105 i
1229 3048 1366 3105 Auxsrre
1390 3041 1422 3117 (†
1440 3066 1466 3104 o.

228 3155 321 3229 908);
357 3157 417 3214 han
446 3156 533 3215 vides
567 3155 667 3213 heller
693 3153 765 3242 ikire
793 3157 825 3212 at
854 3155 929 3214 have
961 3151 1086 3212 skrsvst
1106 3156 1200 3228 noget
1221 3151 1370 3210 historiali
1393 3149 1468 3208 aller

230 3259 448 3336 chronologislr
471 3259 615 3319 Arbsida.

314 3365 363 3422 13.
409 3355 530 3439 merita]
544 3365 598 3423 nir.
611 3363 670 3438 leg.
687 3363 767 3439 Saga
784 3364 857 3421 10οι
880 3361 966 3436 „baar
982 3360 1058 3419 nrbu
1073 3362 1137 3435 fyst
1152 3359 1319 3434 iarbaignir
1339 3363 1373 3416 at
1393 3355 1466 3416 hai·

229 3467 352 3544 legloeik
364 3465 449 3527 Olsis
468 3468 607 3542 konnngn
625 3473 657 3525 st
674 3465 800 3526 blinndr
820 3465 902 3524 malls·
922 3465 960 3539 bo
979 3483 1060 3541 angu
1083 3467 1127 3523 riu
1150 3465 1160 3521 i
1181 3467 1271 3522 vatus
1293 3461 1345 3536 bui
1361 3479 1397 3518 er
1418 3477 1469 3518 sar

229 3573 306 3630 hans
330 3591 404 3631 vsro
427 3571 544 3647 brasgin
567 3573 585 3629 i.
619 3570 666 3628 En
690 3589 724 3628 ss
745 3571 812 3628 leco
836 3569 929 3646 begar
951 3590 1007 3644 syn
1030 3572 1106 3628 sina.
1149 3565 1306 3626 insulan
1327 3564 1468 3639 konongs

231 3676 261 3734 le
282 3679 293 3735 i
313 3677 399 3735 iardn
420 3677 441 3751 il
465 3663 587 3734 mireari
608 3693 645 3734 oo
667 3691 688 3732 a
711 3671 806 3750 daga“
831 3667 879 3748 (ut
900 3675 948 3732 fra
970 3672 1220 3732 atdslmtlnud
1243 3670 1280 3728 til
1303 3669 1373 3746 bdie
1394 3670 1467 3744 ring.

233 3776 338 3851 1031).
382 3779 527 3842 Dereiber
548 3779 695 3850 heredes,
727 3783 759 3836 at
780 3777 870 3854 Ligeb
891 3779 963 3856 liom
986 3797 1026 3854 op
1050 3777 1083 3836 ai
1103 3777 1151 3851 sig
1171 3774 1248 3845 sels,
1269 3773 1341 3832 blev
1361 3773 1470 3850 bagra-

232 3889 283 3944 rot
304 3887 388 3960 igjsn
420 3903 459 3961 og
489 3885 567 3943 aiter
590 3887 607 3942 9
633 3881 716 3960 Dsge
737 3883 807 3940 kom
831 3901 871 3960 op
893 3885 978 3960 igjan
1002 3902 1041 3954 „a
1061 3880 1226 3955 lundingar
1248 3879 1318 3955 dsgi
1342 3877 1469 3955 Stepho-

232 4007 289 4048 nus
312 4007 350 4048 oo
369 3987 463 4062 baira
483 3989 586 4066 felaga
607 3985 654 4062 (ot
678 3987 748 4046 3dia
770 3979 931 4074 Augusti).
965 4006 1020 4058 „oo
1042 3985 1099 4046 tok
1119 3984 1158 4060 ba
1180 3983 1334 4044 Grimkrell
1356 3983 1468 4060 biskup

232 4095 321 4153 lioam
344 4093 429 4154 Olais
452 4093 591 4169 konongs
615 4112 652 4152 or
670 4088 785 4152 isrbn“.
1060 4081 1063 4088 ’

318 4199 367 4257 lb.
411 4197 491 4256 filins
514 4189 633 4274 fratris]
669 4195 738 4256 odd
759 4196 816 4254 har
844 4196 1008 4272 rimsligsis
1036 4196 1192 4270 gjengivet
1221 4193 1305 4251 detts
1328 4191 1408 4263 med,
1439 4195 1471 4250 ab

234 4301 368 4362 Grimlrei
399 4321 453 4361 var
482 4302 610 4378 Signrds
637 4296 772 4377 „nepos“
797 4297 986 4372 (Broderssn
1011 4299 1087 4358 oller
1114 4293 1304 4369 Hostanen),
1327 4297 1373 4355 thi
1397 4297 1470 4367 „aad

235 4408 319 4482 segis·
338 4405 442 4466 brdbir
464 4403 558 4476 oddo,
582 4409 613 4463 at
636 4405 783 4464 (irimkall
804 4405 929 4480 bisknp,
952 4406 987 4463 sr's
1010 4423 1043 4462 er
1064 4423 1118 4462 var
1140 4401 1329 4460 medisinam
1350 4401 1471 4476 heilaga

235 4489 316 4570 dian
346 4507 546 4585 Harnldssyni
576 4509 615 4568 oli
646 4507 718 4568 elidi
738 4507 924 4568 kristinddm
944 4510 956 4566 i
978 4509 1101 4584 Noregi,
1125 4509 1197 4566 vasri
1219 4509 1382 4582 systurson
1404 4505 1471 4584 Sig-

234 4615 324 4674 urdsr
344 4609 495 4693 biskups“
520 4610 656 4688 (Forum.
680 4613 711 4674 Β.
734 4613 786 4686 111,
804 4608 898 4687 sta).
