3640 5342
378 347 440 410 278

377 536 442 600 bra.
498 537 731 599 Ordiuabantur
763 537 951 597 sacerdotes.
984 537 1214 597 fabricabantur
1245 538 1384 598 ecclesie.
1440 539 1616 600 Offerebant

381 645 509 706 donaria
527 643 634 721 populi
663 662 730 701 cum
749 643 915 702 deuotione
939 645 970 700 ct
990 643 1158 702 alacritate.
1202 643 1435 705 Erubescebant
1456 644 1615 720 ydolorum

378 751 522 811 cultores.
557 748 823 808 confundebantur
858 747 910 823 qui
945 747 1140 806 confidebant
1169 750 1199 806 in
1224 749 1369 826 sculptili.
1394 755 1425 808 at
1446 750 1614 810 infidelium

377 855 526 933 depressa
557 851 764 912 multitudine.
798 853 914 928 mugire
948 873 1007 910 non
1043 854 1159 912 audens
1188 857 1285 914 omnis
1307 857 1454 932 iniquitas
1477 855 1615 933 opilabat

376 981 411 1020 oe
436 978 534 1018 snum.
576 957 745 1016 Exultabat
773 978 826 1015 rex
856 958 926 1034 plus
958 978 1045 1035 quam
1076 959 1161 1018 credi
1190 964 1304 1035 potest.
1327 961 1465 1020 laborum
1489 980 1612 1020 suorum

375 1065 568 1143 gratissimos
591 1063 710 1122 fructus
733 1064 845 1120 iamin
868 1064 1006 1139 presenti
1030 1066 1216 1141 percipiens.
1261 1063 1328 1124 Non
1351 1065 1495 1124 cessabat
1511 1071 1613 1125 autern

374 1169 549 1230 indefessus
585 1167 739 1244 euangelii
772 1167 958 1244 predicator.
991 1187 1071 1228 nunc
1105 1170 1279 1229 obstinatos
1308 1173 1500 1230 conuincere.
1532 1191 1614 1231 rinno

374 1274 469 1335 rudes
491 1275 657 1334 instruere.
689 1291 770 1331 nunc
802 1275 834 1332 in
862 1272 922 1332 tide
951 1278 1075 1332 teneros
1100 1275 1288 1334 confirmare.
1333 1275 1434 1334 Nichil
1455 1279 1531 1352 regii
1553 1277 1615 1336 tas·

373 1383 435 1440 tus.
476 1379 570 1439 nichil
601 1378 772 1454 tyrannidis
800 1380 832 1437 in
862 1397 934 1438 snos
962 1380 1126 1439 exercebat
1158 1380 1309 1439 subditos.
1348 1383 1439 1440 immo
1472 1381 1612 1441 omnibus

374 1485 514 1563 exempla
541 1503 648 1560 magne
681 1483 862 1543 humilitatis
896 1489 928 1542 et
959 1485 1201 1544 mansuetudinis
1233 1486 1392 1561 probabat.
1441 1487 1475 1545 ln
1508 1487 1612 1546 ficturo
1651 1487 1683 1530 ¹⁰

375 1593 467 1651 etiarn
488 1590 657 1669 prouinciis
689 1588 799 1667 quibus
829 1593 955 1666 preerat
983 1590 1160 1667 prouidens.
1190 1611 1229 1649 na
1252 1591 1421 1651 nobiliores
1445 1593 1558 1669 quique
1582 1597 1614 1651 et

373 1697 566 1773 potentiores
595 1712 653 1771 per
682 1695 850 1772 potentiam
878 1695 1057 1754 humiliores
1087 1697 1306 1772 opprimerent.
1329 1696 1413 1772 loges
1437 1699 1558 1757 diuinas
1581 1703 1613 1757 ot

372 1801 519 1861 humanas
542 1799 637 1858 multa
660 1799 767 1876 plenas
792 1801 945 1876 sapientia
963 1805 995 1859 et
1012 1801 1089 1858 mira
1108 1803 1293 1878 compositas
1311 1802 1498 1862 discretione
1515 1805 1612 1880 scrip-

372 1907 422 1967 sit.
453 1909 484 1964 et
512 1905 729 1983 promulgauit.
773 1905 807 1963 ln
837 1904 899 1965 illis
923 1907 1016 1965 ctiam
1038 1910 1184 1984 qnantum
1205 1905 1314 1966 liceret
1336 1908 1464 1983 prelatis
1487 1910 1516 1968 in
1541 1908 1611 1968 sub·

370 2011 468 2071 iectos
502 2015 534 2069 et
567 2015 711 2088 quantam
744 2011 876 2070 subiecti
908 2014 1113 2070 reuerentiam
1145 2010 1325 2070 exhiberent
1357 2031 1430 2089 erga
1463 2013 1609 2088 prelatos.
1649 2008 1679 2054 ¹⁵
1805 2085 1806 2094 ἶ

371 2116 464 2176 certis
497 2115 646 2175 limitibus
677 2115 833 2176 discr-enit.
878 2116 924 2176 lbi
953 2117 1201 2176 modestissimus
1225 2122 1256 2175 et
1278 2117 1461 2194 equissimus
1485 2118 1609 2178 arbiter.

370 2223 528 2298 sapienter
561 2222 759 2281 considerans
792 2220 974 2300 plerumque
1007 2224 1088 2298 regis
1117 2225 1273 2300 potestate
1302 2221 1361 2280 sibi
1392 2242 1539 2282 concessa
1561 2243 1611 2282 an·

369 2326 466 2405 perbe
488 2326 573 2388 abuti
593 2327 624 2385 in
648 2327 798 2386 subditos.
821 2326 921 2402 legum
940 2327 1040 2404 rigore
1061 2328 1194 2404 regalem
1212 2326 1369 2386 cohercuit
1385 2332 1423 2385 ‘et
1444 2327 1611 2386 refrenarit

367 2431 532 2491 licentiam.
584 2431 618 2490 ln
650 2432 712 2491 illis
747 2431 868 2509 legibus
903 2432 999 2492 claret
1033 2451 1122 2510 qnam
1150 2432 1302 2492 sollicitus
1326 2451 1399 2508 erga
1421 2432 1608 2511 religionem.

370 2555 459 2616 quarn
483 2535 613 2597 deuotus
637 2555 710 2614 erga
733 2536 830 2596 deum.
857 2555 946 2614 quern
966 2536 1119 2615 benignus
1142 2557 1214 2614 erga
1236 2539 1406 2614 proximum
1425 2558 1480 2598 rex
1496 2539 1608 2616 glorio·
1644 2551 1679 2594 ec

368 2659 421 2700 sos
445 2642 595 2702 extiterit:
631 2643 781 2719 explicari
813 2641 917 2701 uerbis
951 2661 1011 2702 non
1046 2645 1151 2719 potest
1178 2647 1293 2719 quanta
1314 2641 1464 2703 beneficia
1484 2645 1607 2722 populis

367 2747 429 2806 illis
452 2747 592 2808 contulit.
616 2752 761 2826 quantum
789 2747 907 2823 profuit
937 2748 1006 2808 darn
1034 2747 1160 2825 prefuit.
1191 2753 1222 2808 at
1250 2749 1281 2806 in
1305 2749 1539 2826 prolongatione
1562 2750 1607 2808 le·

367 2871 438 2930 gum
468 2872 503 2912 ac
532 2855 757 2914 sustentatione
787 2871 966 2930 pauperum.
993 2857 1025 2912 in
1053 2854 1236 2913 assiduitate
1259 2852 1480 2929 predicationis
1503 2858 1536 2912 ot
1557 2873 1608 2912 ex·

367 2956 468 3034 amplo
490 2977 544 3018 sne
567 2959 761 3019 sanctissimo
785 2959 1036 3018 conuersationis.

450 3054 487 3120 B.
515 3055 646 3122 Interea
678 3074 812 3138 regnum
843 3055 934 3121 dacio
958 3055 1020 3120 sibi
1046 3061 1080 3120 et
1101 3073 1159 3122 suo
1190 3073 1345 3137 germano
1370 3056 1496 3122 cecidit.
1541 3058 1604 3126 Sed
1642 3071 1674 3117 ss

365 3159 482 3226 beatus
506 3159 629 3227 Olauns
652 3177 806 3240 gennano
827 3178 886 3226 suo
911 3159 1046 3226 multum
1067 3177 1184 3226 exosus
1207 3158 1390 3225 habebatur
1407 3181 1445 3227 ex
1463 3181 1501 3229 ec
1519 3165 1605 3246 quod

365 3263 563 3332 christianus
598 3262 732 3331 effectus
754 3264 825 3330 tuit.
851 3265 903 3330 cui
927 3271 961 3329 et
982 3265 1084 3330 trater
1114 3265 1202 3329 dixit.
1227 3271 1262 3329 tu
1293 3266 1447 3332 miseret
1470 3267 1603 3334 deorum

362 3373 549 3434 nostrorum
571 3374 785 3452 contemptor.
817 3387 881 3434 non
904 3369 1005 3435 debes
1029 3387 1103 3436 csse
1124 3373 1161 3434 ut
1181 3387 1237 3436 rex
1260 3369 1448 3437 honoratus.
1471 3373 1530 3438 sed
1552 3375 1602 3438 cui

363 3473 546 3540 seductoris
575 3475 689 3540 miseri
715 3475 826 3541 christi
851 3472 994 3540 crncifixi
1016 3474 1048 3537 in
1070 3473 1198 3540 uilitate
1221 3493 1259 3540 ac
1281 3481 1474 3557 paupertate
1498 3477 1604 3543 imita·

362 3582 423 3643 tor.
468 3577 526 3644 Oui
548 3579 665 3646 beatus
695 3580 818 3645 Olenus
849 3577 1020 3660 respondit
1049 3577 1082 3643 Si
1112 3577 1232 3645 dilecto
1264 3598 1337 3644 rnen
1369 3581 1415 3646 ita
1445 3581 1604 3662 placuerit
1637 3595 1672 3638 ³0

362 3687 440 3748 tnnc
462 3681 614 3750 uoluntas
637 3703 710 3750 mco
730 3685 778 3751 ita
801 3684 872 3750 erit.
923 3683 982 3747 Gui
1007 3683 1148 3748 christus
1172 3682 1229 3748 illa
1251 3690 1347 3752 nocte
1370 3690 1523 3766 tanquam
1546 3705 1602 3752 rex

361 3788 514 3870 apparuit
547 3788 669 3855 dicens.
724 3789 905 3854 Karissime
934 3788 1038 3853 Olaue
1067 3788 1140 3852 nolo
1172 3789 1256 3870 quod
1281 3794 1316 3854 tu
1339 3791 1508 3872 possideas
1530 3809 1602 3872 reg·

360 3910 435 3958 num
466 3893 566 3960 decis.
601 3894 688 3975 quod
717 3895 813 3960 michi
843 3895 883 3959 ad
913 3891 1011 3958 tidem
1041 3911 1145 3959 meam
1170 3899 1352 3961 conuectos.
1405 3894 1524 3959 Volens
1546 3912 1603 3960 au·

360 4002 425 4063 tem
458 3997 577 4066 beatus
606 3999 728 4065 Olenus
761 4001 807 4066 ire
841 4004 955 4064 contra
992 3997 1123 4064 tratrem
1159 4017 1253 4064 suurn
1288 4000 1434 4082 recipere
1466 4017 1598 4081 regnum

359 4103 527 4186 norwegie.
563 4104 658 4168 iussit
690 4111 789 4170 naute
823 4106 976 4185 nauigare
1005 4110 1096 4168 trans
1123 4109 1250 4169 montes
1285 4107 1325 4169 ad
1348 4105 1512 4170 ciuitatem
1537 4123 1599 4186 qne
1635 4131 1670 4174 ss

358 4213 498 4274 uocatur
531 4209 691 4276 Dront-cr'r.
730 4209 785 4274 nbi
825 4214 896 4274 erat
925 4227 983 4272 rex
1017 4212 1203 4273 coronatus.
1238 4210 1292 4290 qni
1326 4214 1454 4275 montes
1488 4210 1597 4275 statim

358 4313 464 4394 aperti
497 4319 574 4379 sunt
606 4332 666 4396 per
698 4316 822 4396 signum
858 4312 963 4378 crucis
986 4311 1107 4378 lectum
1128 4313 1168 4378 ab
1191 4331 1240 4378 so.
1286 4313 1379 4380 Unde
1402 4315 1543 4381 scissura
1565 4314 1598 4378 in

357 4421 469 4484 monte
492 4419 612 4486 mansit
635 4437 740 4501 usque
767 4419 798 4483 in
825 4417 1015 4483 hodiernum
1040 4417 1124 4483 dion
1148 4417 1230 4482 Post
1250 4417 1312 4483 hoc
1334 4419 1451 4485 beatus
1476 4419 1598 4485 Olenus

358 4527 393 4587 et
414 4539 493 4589 suus
512 4541 684 4606 germanus
706 4524 902 4605 legationem
920 4522 961 4588 ad
986 4523 1110 4588 deciam
1131 4525 1290 4588 miseruut
1307 4529 1344 4589 ut
1361 4542 1456 4605 quern
1478 4523 1598 4605 eligere

356 4627 479 4694 uellent
499 4647 558 4712 pro
581 4646 640 4695 suo
663 4647 741 4710 rege
764 4631 811 4696 eis
835 4627 1073 4695 renunciarent.
1123 4627 1183 4708 Qui
1206 4627 1459 4710 responderunt.
1502 4627 1596 4694 lllurn
1633 4651 1671 4698 tn
