3646 5348
383 868 506 954 Incipit
522 871 680 956 prolapus
705 869 877 938 Tbaodrici
896 869 1042 940 mamas
1062 873 1099 938 io
1122 869 1302 958 [historiam

426 995 518 1044 maor
540 978 579 1044 dc
600 979 789 1060 antiquitate
809 976 934 1088 repwn¹
959 976 1250 1060 Norwupieresiam.

238 1166 409 1236 Domino
433 1172 473 1236 et
493 1169 601 1252 patri
623 1187 705 1250 suo,
728 1170 813 1234 viro
843 1167 1200 1236 reverendissimo
1230 1169 1461 1252 Augustino

283 1273 555 1341 Nidrosiensi
585 1273 906 1356 archiepiscopo
934 1273 1397 1340 Theodricus'humiiis

169 1395 184 1442 s
335 1384 532 1464 peccator
554 1379 705 1448 debita
728 1379 943 1446 servitutis
971 1379 1283 1464 subjectionem
1307 1385 1349 1448 et

602 1485 832 1552 orationum
856 1483 1079 1568 suffragia.

304 1653 423 1736 Operm
445 1653 586 1740 pretium
616 1653 702 1735 duxi,
724 1654 774 1719 vir
801 1653 1033 1736 illustrissime,
1060 1673 1166 1738 pauca
1195 1655 1266 1722 hac
1299 1655 1340 1722 de
1375 1655 1460 1722 anti-

219 1757 345 1841 quitate
366 1777 479 1842 regum
500 1759 781 1844 Norwagiensium
811 1759 955 1826 breviter
985 1765 1154 1841 annosae,
1178 1766 1213 1827 et
1236 1765 1337 1843 prout
1365 1779 1462 1845 saga·

220 1863 304 1931 citer
330 1866 519 1949 perquirere
546 1866 713 1949 potuimus
747 1865 788 1931 ab
813 1865 870 1948 eis,
899 1882 1001 1948 penes
1035 1873 1117 1948 quos
1150 1866 1265 1932 borum
1304 1867 1462 1934 memoria

152 1991 183 2038 ro
218 1971 384 2054 precipue
405 1959 520 2055 rigere
537 1961 688 2052 mediter,
707 1988 788 2053 quos
800 1956 1246 2054 nosIslendi'npu'rocamus¹
1260 1973 1315 2054 qni
1334 1972 1406 2040 bac
1427 1971 1461 2039 in

218 2075 289 2142 suis
322 2077 466 2160 antiquis
499 2072 696 2143 carminibus
724 2075 951 2158 percelebrata
978 2075 1136 2170 recolunt.
1170 2075 1232 2141 'Et
1261 2076 1338 2159 quia
1366 2095 1461 2159 pane

218 2179 309 2246 nulla
331 2181 421 2248 natio
445 2188 497 2247 est
518 2185 585 2248 tam
607 2181 699 2248 rudis
724 2185 757 2246 et
779 2179 912 2261 inculta,
936 2197 1008 2263 qnae
1031 2197 1095 2245 non
1115 2179 1223 2263 aliqua
1252 2185 1463 2248 monumenta

218 2301 351 2352 snorum
386 2293 631 2354 antecessorum
670 2287 711 2352 ad
743 2289 895 2368 posteros
922 2285 1150 2366 transmiserit,
1185 2287 1316 2367 dignum
1349 2287 1461 2370 putari

218 2389 300 2471 hoec,
322 2409 429 2475 pauca
449 2393 536 2472 licet,
571 2391 728 2476 majorum
757 2394 942 2456 nostrorum
969 2391 1133 2455 memoriae
1159 2392 1365 2473 posteritatis
1397 2397 1464 2458 trs·

151 2525 182 2571 η
219 2494 307 2562 dere.
347 2495 412 2564 Sed
436 2498 511 2580 quia
534 2501 663 2563 constat
685 2495 805 2562 nnllam
833 2501 937 2561 ratam
967 2493 1086 2576 regalis
1120 2497 1302 2562 stemmatis
1333 2513 1463 2564 succes·

218 2599 343 2667 sionem
371 2601 404 2668 in
431 2601 494 2668 hac
519 2605 607 2667 terra
630 2601 778 2666 extitisse
802 2607 876 2667 ante
903 2599 1038 2665 Haraldi
1065 2598 1352 2682 pulchre-comati
1379 2607 1462 2668 tem.-

218 2723 310 2789 pora‚
331 2708 461 2790 abipso
486 2705 655 2773 exordium
675 2705 825 2774 iacimus:
848 2723 912 2772 non
936 2706 1012 2788 quia
1031 2705 1247 2771 dubitaverim
1265 2707 1363 2774 etiam
1387 2713 1464 2774 ante
1490 2785 1493 2792 ¹

219 2811 290 2894 ejus
314 2815 445 2879 oetatem
468 2811 567 2878 inisse
590 2813 623 2877 in
640 2801 702 2878 hac
720 2817 809 2878 terra
830 2811 918 2902 viros
935 2811 1114 2877 secundum
1136 2829 1283 2893 prsesens
1307 2812 1464 2878 saeculnm

218 2916 385 2999 probitate
397 2919 603 3000 conspicuos,
618 2935 717 3000 qnos
739 2917 933 2995 nimirum,
945 2920 983 2982 nt
994 2915 1195 2998 euboetius,
1212 2917 1465 2984 clarissimos

151 3057 184 3103 ,ο
219 3021 304 3088 suis
326 3021 584 3105 temporibus
600 3023 714 3088 viros
734 3023 984 3104 scriptorum
1002 3023 1120 3105 inops
1141 3022 1299 3088 delerit
1315 3023 1463 3105 opinio.
1504 3081 1509 3090 .

220 3128 270 3194 Ad
294 3128 382 3210 quod
402 3126 604 3211 probandum
628 3131 731 3194 testes
755 3127 849 3194 ciebo
870 3127 1019 3212 idoneos.
1064 3127 1159 3210 Hugo
1178 3127 1273 3194 bonse
1296 3129 1462 3196 memoria

225 3283 231 3294 ¹
274 3313 532 3368 'subueniretur
550 3315 658 3366 historia
676 3313 733 3368 ΑΚ.
783 3313 890 3368 'rettet
907 3313 972 3366 aiter
991 3313 1053 3378 (tap.
1073 3317 1096 3362 1.

264 3489 377 3550 9-11.
390 3491 498 3576 horum
510 3485 821 3564 memoria-recolunt]
836 3490 1017 3566 staninges:
1030 3475 1272 3566 lslaeirdingarne
1286 3509 1395 3548 ansees
1414 3489 1463 3550 ior

222 3601 254 3656 at
274 3596 351 3655 have
374 3595 467 3656 badst
487 3595 703 3656 anommelse
727 3596 774 3654 ior
797 3615 851 3654 vor
872 3595 1019 3667 Historia,
1041 3593 1078 3652 de
1102 3613 1166 3652 som
1187 3593 1300 3654 bavar-e
1315 3585 1462 3670 (mindae)

222 3701 302 3760 hvsd
324 3701 380 3760 der
402 3721 436 3759 er
457 3701 611 3778 besunget
632 3703 642 3759 i
665 3701 756 3759 dares
781 3702 879 3778 gamle
911 3700 1003 3776 Digtc
1028 3693 1067 3772 (0²
1095 3700 1106 3756 i
1138 3698 1175 3757 de
1206 3699 1362 3758 islandaka
1392 3699 1464 3759 Hof-

223 3806 346 3880 skaides
369 3806 494 3883 Dripur
517 3827 565 3865 om
589 3806 627 3864 de
648 3806 760 3866 norske
782 3797 929 3884 Konger).
974 3803 1058 3865 Feri.
1082 3803 1226 3863 heuviser
1247 3803 1284 3864 til
1303 3804 1462 3864 islandska

222 3911 338 3984 nuder,
361 3911 427 3970 hvis
451 3910 651 3987 Grundlag
672 3931 706 3968 er
728 3911 825 3988 gamle
847 3910 949 3988 Digte.

268 4021 315 4078 19.
359 4013 500 4090 Boetius]
522 4017 577 4076 cir.
600 4016 722 4076 Boethii
745 4016 782 4075 de
805 4014 1016 4075 consolatione
1038 4013 1243 4092 philosophiis
1265 4016 1284 4074 1.
1307 4015 1335 4074 11
1358 4035 1383 4075 c.
1397 4015 1461 4076 VII:

221 4121 291 4182 Erit
311 4123 406 4200 igitur
432 4127 601 4200 pervagata
628 4123 709 4181 inter
740 4139 812 4180 snos
840 4121 938 4196 glorie
969 4122 1099 4198 quisquc
1129 4125 1303 4193 contentus,
1327 4125 1359 4178 et
1381 4123 1464 4180 intre

223 4229 312 4288 nnius
336 4231 437 4306 gentis
465 4229 614 4286 terminos
645 4227 794 4304 prseclars
823 4225 876 4286 illa
907 4227 987 4286 fama
1018 4226 1231 4285 immortalitas
1264 4226 1462 4285 coartabitur.

224 4333 286 4394 Sed
325 4353 433 4410 quam
473 4333 625 4392 multos
666 4333 916 4392 clarissimos
952 4333 1033 4390 suis
1076 4328 1319 4410 temporibus
1357 4333 1464 4391 viros

223 4441 466 4518 scriptorum
488 4441 605 4514 inops
631 4437 783 4496 delevit
806 4435 964 4514 opinio?

267 4547 316 4604 sl.
359 4540 462 4622 Hngo]
486 4543 658 4603 canonicus
687 4542 764 4601 isa
787 4542 923 4601 Victori
946 4541 1033 4600 Paris
1056 4535 1076 4612 †
1100 4542 1190 4600 1141.
1240 4541 1281 4599 Af
1296 4535 1465 4597 haneVer·

225 4647 432 4716 dsuskrsnike
453 4669 495 4722 er,
509 4649 630 4708 saavidt
641 4647 727 4706 vides
748 4647 810 4706 kun
829 4652 861 4705 et
876 4647 1076 4706 Hanndslsriit
1091 4644 1358 4786 bevaretli*Peris
1372 4640 1464 4718 (Bibi.
