3622 5344
574 448 657 525 Rmp.
745 450 770 509 Ο
803 469 919 510 summa
951 452 1028 511 mira
1061 453 1236 513 constentic

747 573 838 632 quam
858 573 920 616 non
944 559 1047 616 mouet
1067 557 1218 633 amandi
1242 558 1354 636 glorie:

743 678 800 720 nec
822 659 976 720 horrenda
996 660 1143 739 frangunt
1164 661 1264 722 exilia.

747 764 897 842 Speciosa
917 784 974 825 nec
995 769 1116 826 terrant
1135 768 1239 826 maris.

745 868 835 941 Hanc
850 870 998 930 immensa
1020 888 1154 948 sequena
1173 871 1288 932 lumilia

744 973 829 1034 nulla
848 972 932 1034 flecti
953 975 1036 1035 valet
1056 977 1178 1036 iniuria.

746 1077 903 1155 Speciosa.
948 1079 1061 1140 Gloria
1108 1080 1266 1158 Speciosa.

748 1205 871 1273 Etenna
895 1206 1007 1273 christi
1030 1225 1163 1274 munera

746 1308 844 1376 laude
864 1315 971 1378 mater
993 1312 1142 1394 ecclesia,

748 1415 802 1497 qni
824 1420 1000 1500 martyrum
1022 1436 1082 1500 par
1102 1417 1239 1487 vumera

747 1525 779 1586 te
802 1519 890 1586 stola
911 1523 1013 1588 vestit
1034 1524 1134 1606 regia.

747 1671 869 1752 Regum
893 1670 1096 1741 descendens
1120 1676 1243 1760 stipite,

747 1774 809 1842 celi
831 1776 959 1843 scandit
980 1777 1021 1843 ad
1046 1780 1143 1847 atria:

747 1896 841 1948 sacru
863 1881 987 1965 stipata
1007 1884 1112 1954 milite

746 1985 885 2053 sunnine
906 1987 994 2070 regis
1017 1985 1094 2055 lilia.

748 2119 884 2189 Carnam
908 2121 1040 2190 domant
1063 2122 1169 2192 cilicie

748 2226 912 2310 quondam
934 2227 1042 2294 vestiti
1066 2228 1239 2296 mollibus:

716 2388 721 2399 .
747 2329 877 2398 delitias
901 2331 997 2398 exilio

748 2435 938 2519 crebrisque
959 2437 1060 2503 risum
1082 2436 1224 2505 fletibus.

653 2555 656 2560 ⁵
746 2587 783 2653 In
804 2587 855 2654 bia
877 2606 961 2655 rona,
976 2606 1050 2656 cum
1071 2587 1142 2656 lilio

746 2699 848 2776 nupta
869 2691 957 2762 lelici
980 2693 1113 2778 copula:

746 2815 839 2864 sacru
861 2798 958 2868 rubet
980 2800 1133 2882 martyrio

744 2919 825 2983 ruga
846 2921 961 2970 carens
984 2909 1018 2970 et
1040 2904 1175 2974 macula.

746 3053 845 3121 Trina
868 3053 930 3122 dec
952 3060 987 3121 et
1009 3055 1149 3139 simplici

745 3159 819 3226 lans
842 3159 947 3228 honor
967 3161 1072 3228 virtus
1094 3159 1207 3244 gloria,

747 3264 804 3347 qui
826 3267 975 3350 martyris
996 3265 1169 3347 multiplici

747 3367 910 3451 glorificat
931 3370 1077 3438 victoria.
1122 3371 1234 3436 Amen.

574 3511 581 3526 ⁰
655 3552 662 3567 .
748 3510 909 3570 Latamini.

658 3687 664 3703 .
752 3645 851 3707 Adest
873 3645 938 3706 dies
960 3647 1100 3707 immensi
1122 3646 1226 3726 gaudii

751 3769 813 3828 quo
836 3769 904 3810 cum
925 3756 1025 3812 turma
1045 3753 1113 3812 miri
1134 3753 1271 3828 martyrii

750 3855 924 3933 raginerum
946 3857 1040 3918 decus
1063 3862 1095 3917 et
1116 3856 1215 3934 glorie

750 3978 856 4038 regum
878 3964 960 4040 regis
982 3963 1077 4023 intret
1099 3963 1227 4041 palacia.

508 4085 665 4168 psalmus.
750 4087 947 4170 Magnificat.

484 4219 607 4291 Gratia
649 4221 950 4308 supplicationibus
982 4222 1103 4290 nostris
1131 4220 1261 4288 demine
1290 4239 1385 4289 aures
1413 4226 1470 4290 tue
1499 4221 1633 4304 piatatis

395 4325 528 4393 inclina:
557 4331 592 4393 rt
624 4331 679 4412 qui
712 4329 811 4396 beate
842 4327 981 4396 sunniua
1009 4327 1142 4410 virginis
1171 4332 1205 4394 et
1233 4325 1384 4409 martyris
1406 4325 1633 4410 sociorumque

396 4432 466 4498 eius
487 4432 607 4498 merita
625 4433 811 4502 recelimus:
836 4450 946 4500 eorum
970 4438 1120 4500 tueamur
1141 4430 1309 4516 precibus:
1344 4437 1379 4498 et
1411 4431 1452 4497 ab
1484 4431 1633 4498 omnibus

394 4535 571 4606 liberemur
592 4538 751 4606 aduersis.
794 4538 867 4608 Par.
