3654 5336
420 315 479 384 162
853 315 902 374 oh
921 325 1051 377 semna
1069 322 1223 378 corrone.

363 581 367 588 ¹
417 502 461 568 lai
484 501 680 568 confessoris
704 508 738 568 at
759 504 921 586 pontilicis
944 506 977 572 in
1000 505 1089 571 curia
1110 505 1197 589 regis
1221 502 1473 587 ipsopraesenti.
1517 498 1659 572 Haecast

418 607 498 688 dies,
521 609 553 672 in
577 627 641 690 qua
663 609 830 676 veneratio
860 610 1029 678 dominicae
1051 609 1214 693 passionis
1238 611 1353 688 crucis,
1377 627 1505 677 coronae
1529 628 1566 676 ac
1590 628 1658 676 om·

417 712 506 796 nium
538 712 757 797 reliquiarum,
791 733 927 796 quarum
959 715 1081 784 ibidem
1115 715 1271 798 praeclara
1298 721 1332 782 ct
1358 715 1437 782 felix
1469 717 1564 799 copia
1597 720 1658 796 est,

417 817 554 884 solemni
577 815 682 884 officio
711 837 750 885 aa
779 820 980 902 indulgentia
1009 826 1218 905 peccatorum
1248 821 1354 888 locum
1382 821 1473 888 illum
1503 822 1576 905 ipso
1604 819 1658 888 die

415 922 691 1004 frequentantium
714 924 906 991 celebretur.
1619 923 1622 930 ’
1695 934 1710 981 5
1807 933 1808 1018 ᾗ

500 1050 546 1096 vr.
592 1029 669 1094 Oum
701 1036 808 1096 autem
838 1032 1004 1114 praedictae
1031 1033 1177 1115 reliquiae
1207 1033 1248 1098 ad
1271 1034 1434 1100 civitatem
1456 1033 1659 1114 Bergensem

415 1135 592 1216 venissent,
615 1135 648 1200 in
671 1135 812 1201 ecclesia
834 1135 1015 1204 cathedrali
1044 1113 1251 1220 reponuntur,
1280 1143 1398 1222 postea
1420 1137 1462 1202 ad
1486 1136 1660 1202 ecclesiam

416 1239 586 1306 duodecim
618 1241 841 1322 apostolorum
874 1243 1161 1324 processionaliter
1193 1249 1271 1310 sunt
1303 1242 1433 1309 delatae.
1485 1241 1551 1308 Sed
1585 1261 1660 1308 cum

415 1352 550 1430 propter
570 1347 702 1412 nimiam
725 1346 951 1429 intemperiem
980 1350 1063 1414 aeris
1094 1348 1277 1432 pluviaque
1305 1347 1528 1414 inundantiam
1550 1353 1661 1416 trans·

414 1453 494 1520 latio
525 1452 581 1517 illa
609 1451 695 1518 bono
725 1453 822 1519 modo
852 1451 923 1520 lieri
953 1471 1017 1518 non
1045 1459 1171 1536 posset,
1201 1454 1411 1520 illucescente
1441 1459 1535 1519 sexta
1562 1453 1658 1534 ferie,
1698 1457 1729 1503 10

414 1559 529 1640 quinta
551 1557 603 1624 die
627 1558 667 1623 ab
694 1551 760 1638 illa,
784 1577 848 1641 qna
873 1561 977 1642 primo
1001 1559 1116 1642 Bergis
1138 1563 1303 1639 venerant,
1327 1560 1488 1624 serenitas
1512 1563 1547 1624 et
1568 1563 1660 1624 tran-

414 1663 559 1748 quillitas
581 1663 666 1729 aeris
698 1664 806 1741 rediit,
840 1669 875 1729 et
907 1664 953 1730 sic
986 1664 1132 1746 reliquiae
1167 1669 1243 1730 sunt
1271 1669 1458 1730 reverenter
1485 1663 1688 1730 collocatae'

413 1769 475 1836 deo
509 1769 555 1834 sic
589 1768 792 1852 disponente,
826 1769 881 1850 qui
914 1768 946 1834 in
980 1775 1073 1836 sexta
1104 1769 1187 1840 faria
1215 1785 1274 1852 pro
1303 1769 1398 1835 nobis
1426 1772 1602 1834 coronatus
1626 1773 1662 1836 et

413 1873 583 1940 crucifixus
606 1878 666 1939 est.

496 1999 555 2044 vn.
600 1977 679 2044 Cum
707 1982 815 2046 autem
843 1980 1037 2062 requisitum
1064 1979 1182 2046 fuisset
1209 1997 1268 2063 pro
1297 1979 1455 2060 signando
1483 1979 1515 2044 in
1542 1979 1660 2046 kalen·
1699 2001 1730 2046 15
1807 1981 1808 1986 ’

412 2085 503 2152 dario
527 2083 753 2150 translationis
776 2083 872 2167 hujus
883 2083 978 2165 diem,
1002 2091 1202 2167 compertum
1216 2085 1379 2168 estquod
1397 2085 1534 2168 ipsodie
1554 2084 1660 2150 habe·

411 2197 465 2256 tur
487 2190 644 2256 memoria
665 2189 752 2254 illius
774 2190 923 2282 preclari
947 2190 1102 2270 miraculi,
1127 2191 1213 2273 quod
1231 2209 1296 2256 oon
1315 2190 1412 2271 longe
1430 2189 1470 2254 ah
1484 2189 1663 2256 Antiochia

411 2297 498 2379 apud
521 2294 684 2362 civitatem
707 2295 877 2376 Baryttum
900 2296 1036 2376 contigit
1058 2297 1097 2362 de
1120 2295 1235 2376 iconia,
1257 2295 1289 2361 in
1308 2313 1372 2377 qua
1389 2291 1560 2360 dominicae
1578 2313 1662 2378 pas·

411 2401 513 2468 sionis
534 2399 711 2484 opprobria
738 2417 797 2482 per
819 2399 947 2466 Iudaeos
973 2405 1131 2467 renovata
1161 2404 1245 2479 sunt,
1281 2404 1317 2464 ut
1345 2419 1384 2466 ex
1411 2399 1573 2466 chronicis
1596 2401 1661 2466 ha-

410 2507 481 2574 beri
499 2510 612 2589 potest
633 2521 717 2570 anuo
740 2504 863 2570 domini
885 2506 1175 2588 septingentesimo
1199 2504 1478 2589 quinquagesimo.
1701 2524 1734 2569 ao

494 2629 567 2676 vm.
610 2610 654 2676 Et
692 2610 768 2691 quia
805 2610 995 2676 miraculum
1034 2611 1122 2678 istud
1156 2630 1176 2676 a
1208 2610 1319 2676 multis
1354 2609 1511 2690 ecclesiia,
1555 2610 1663 2678 etiam

411 2718 524 2783 Romae
553 2718 587 2783 in
617 2715 757 2782 eeclesia
788 2717 892 2782 sancti
915 2717 1088 2783 salvatoris
1112 2716 1282 2782 recolitur:
1319 2715 1449 2781 Christo
1473 2715 1559 2782 anim
1584 2717 1663 2782 odi·

410 2822 493 2888 biles
521 2821 623 2886 Iudaei
652 2830 805 2904 (quorum
835 2821 1008 2888 multitudo
1039 2822 1172 2903 copiosa
1201 2822 1234 2886 in
1263 2821 1398 2903 Barytto
1428 2820 1491 2885 init
1520 2826 1665 2904 propter

410 2927 552 2994 studium
574 2927 655 3007 legis
678 2908 842 3006 Moesicae,
870 2927 956 3008 quod
979 2927 1024 2992 ihi
1046 2927 1192 3008 vigebat)
1216 2925 1379 3008 quandam
1414 2925 1552 2992 iconiam
1577 2945 1661 3008 pas·

410 3033 511 3100 sionis
533 3030 702 3098 dominicae
725 3033 757 3097 in
781 3031 877 3097 domo
901 3031 1039 3113 quadam
1061 3031 1166 3096 vicina
1189 3031 1311 3096 scholis
1331 3049 1443 3096 eorum
1466 3031 1661 3112 aquodam
1702 3065 1735 3110 2⁵
1807 3103 1808 3114 ,

410 3138 587 3204 christiano
615 3137 797 3218 neglectam
827 3137 1034 3218 invenerunt,
1070 3154 1163 3216 quem
1197 3135 1301 3216 primo
1336 3136 1474 3216 pedibus
1506 3137 1538 3200 in
1563 3136 1663 3204 dete-

410 3244 552 3310 statione
576 3240 718 3309 crucifixi
738 3241 964 3310 conculcantes
988 3247 1022 3308 et
1042 3245 1158 3306 cuncta
1181 3239 1213 3304 in
1237 3259 1276 3306 ea
1300 3241 1469 3306 dominium
1489 3241 1663 3322 passionis

410 3347 586 3430 opprobria
608 3349 816 3414 iteraverunt.
926 3433 929 3438 ι
1327 3366 1334 3380 ·

421 3521 422 3525 ,
493 3474 539 3520 rx.
585 3453 730 3535 Cumque
758 3456 889 3518 venturu
920 3454 1011 3516 esset
1032 3451 1208 3517 secundum
1231 3450 1376 3516 ordinem
1402 3451 1661 3533 opprobriorum

411 3559 543 3638 Christi,
573 3563 611 3624 ut
638 3559 726 3625 latus
753 3557 868 3622 lancea
895 3554 1110 3637 perforarent,
1133 3556 1304 3624 confestim
1329 3556 1495 3622 exlatere
1518 3559 1662 3640 sanguis
1702 3586 1737 3635 ³0
1807 3613 1808 3642 ,

410 3669 444 3730 et
476 3683 561 3746 aqrra
588 3663 729 3731 ubertim
763 3659 917 3743 produxit
948 3666 982 3727 et
1003 3662 1205 3744 suppositam
1228 3681 1287 3743 per
1310 3677 1367 3727 eos
1391 3661 1567 3743 ampullam
1591 3663 1661 3728 im·

409 3769 520 3851 plevit,
543 3788 615 3850 quae
643 3769 755 3834 Romae
784 3767 816 3832 in
848 3765 987 3833 ccclesia
1008 3767 1113 3833 saneti
1136 3767 1310 3832 salvatoris
1334 3785 1353 3832 a
1375 3765 1495 3831 ludaeis
1517 3785 1661 3834 conver·

409 3875 455 3940 sis
478 3874 518 3941 ad
542 3871 638 3939 fidem
667 3891 728 3954 per
755 3871 843 3938 istud
872 3872 1063 3938 miraculum
1086 3889 1158 3938 oum
1181 3873 1247 3938 isto
1271 3871 1427 3952 sanguine
1449 3869 1572 3936 tradita
1595 3871 1663 3940 ho·

409 3979 522 4045 dierna
545 3978 596 4044 die
620 3982 842 4059 conservatur,
874 3982 908 4042 et
930 3978 1075 4043 solemne
1101 3976 1220 4042 festum
1244 3977 1276 4042 in
1300 3977 1457 4042 memoria
1481 3974 1663 4044 dominicas

406 4083 573 4168 passionis
603 4103 641 4149 ac
668 4082 701 4148 in
731 4081 827 4166 hujus
857 4083 1004 4148 miraculi
1032 4083 1243 4148 veneratione
1273 4082 1387 4162 quinto
1410 4081 1488 4146 Idus
1509 4081 1661 4148 Novem·
1703 4113 1738 4160 35

407 4189 475 4255 bris
499 4190 613 4272 agitur.

409 4365 623 4426 Guillelmo
646 4363 881 4424 carnotensi
904 4357 1044 4438 (Racueil
1067 4363 1121 4421 des
1140 4363 1306 4422 historiens
1324 4362 1389 4436 XX,
1410 4359 1481 4435 29);
1503 4363 1534 4422 le
1551 4364 1662 4424 sainte

409 4469 554 4547 chapelle
577 4489 636 4530 var
654 4468 911 4546 oprindeligt
932 4469 1049 4530 indolet
1069 4469 1106 4526 til
1130 4469 1159 4527 S.
1182 4467 1342 4528 Nicoleua.

494 4576 543 4634 19.
588 4568 753 4650 chronicis]
777 4595 810 4634 se
830 4574 975 4650 Legenda
996 4593 1088 4632 aurea
1108 4593 1170 4632 rec.
1194 4573 1328 4672 Graaaae
1351 4593 1383 4650 p,
1407 4575 1542 4632 608-9.

928 4720 1130 4734 ψ
