3654 5336
385 295 445 366 208

383 501 451 607 nau}
473 517 550 599 quid}
574 535 612 581 ex
641 503 704 598 ipss
738 518 793 599 qui
826 521 909 604 quoti
949 519 955 599 Ι
991 519 1152 600 prophete
1175 538 1194 584 o
1217 518 1331 587 itolido
1360 522 1457 603 uulgo
1481 485 1622 590 aennon.

278 659 281 666 ’
385 641 451 732 an
465 673 526 736 per
551 648 663 722 imndn
710 667 715 724 ι
762 643 828 738 [pn
852 647 914 737 que
937 649 1057 738 gaudi
1080 659 1226 724 vocitant
1247 659 1356 726 multis
1379 659 1490 726 multe.
1513 623 1624 742 plagia

382 797 420 858 ut
465 796 471 872 l
524 787 673 862 euenint'
699 788 831 886 quadoffi
870 786 1014 881 peierati
1043 762 1186 880 p⁵dicent
1220 801 1255 863 et
1287 797 1328 864 de
1364 797 1548 882 longinquis
1597 799 1605 883 Ι

383 920 619 1015 prolisores
650 927 914 1016 concupiscibiles
946 936 1027 1002 miro
1056 935 1152 1002 modo
1182 934 1245 1002 sibi
1274 933 1399 1006 sllicidt
1437 943 1443 1015 1
1488 936 1622 1004 Necnon

264 1057 266 1061 ⁴
383 1045 587 1137 absconditos
618 1068 785 1139 theiauros
813 1072 911 1156 longe
939 1074 1057 1140 remoti
1079 1072 1213 1142 mirifice
1263 1076 1268 1158 Ῑ
1321 1063 1470 1157 prodent,
1507 1069 1622 1156 Quadi

382 1210 550 1276 veronice
573 1210 648 1276 dum
676 1199 783 1294 xpsauj
820 1209 914 1278 caulo
945 1175 1058 1296 comcij
1110 1215 1115 1298 Ι
1166 1212 1255 1295 apud
1287 1212 1393 1280 lindos
1423 1213 1466 1280 ad
1501 1206 1620 1283 udam

382 1343 541 1429 ledillent,
559 1342 655 1414 illorn
676 1345 803 1431 helpita
849 1363 855 1418 l
901 1347 1004 1418 lubitu
1023 1349 1140 1434 jnclite
1174 1350 1346 1433 expirauit,
1379 1351 1461 1418 rode
1492 1337 1620 1436 spuens

328 1524 331 1532 ,
381 1479 516 1552 multum
547 1488 560 1568 i
600 1487 787 1555 dolentibus
809 1506 872 1554 noo
895 1481 1032 1554 modun.
1057 1485 1111 1556 led
1134 1509 1152 1554 a
1175 1489 1289 1570 gaudis
1312 1483 1461 1556 emulorn
1483 1495 1558 1558 csse
1596 1491 1602 1576 l
1646 1512 1774 1581 [rosas]
1812 1485 1813 1528 ³

219 1693 225 1704 ,
292 1650 295 1656 ·
381 1589 523 1709 denunti
545 1621 609 1692 ieie
632 1625 721 1691 illem
744 1627 808 1690 cito
832 1626 1019 1710 adepturos.
1043 1613 1091 1710 spu
1111 1625 1189 1692 finni
1211 1626 1309 1694 nichil
1332 1645 1407 1694 coo·
1451 1629 1458 1709 Ι
1502 1626 1620 1695 tristati

380 1760 585 1846 reipoodcut
607 1762 696 1828 lunc
717 1756 817 1847 quida
837 1781 950 1846 magus
974 1762 1102 1832 exterio
1125 1757 1184 1846 pa·
1226 1767 1231 1844 Ι
1278 1781 1320 1832 no
1351 1763 1405 1833 iub
1437 1784 1501 1850 quo
1523 1763 1554 1832 ie
1576 1765 1619 1831 ad

378 1884 520 1969 plundus
547 1885 711 1952 uenedcss
738 1877 951 1967 jocuotscoes
981 1903 1055 1967 pre·
1095 1894 1102 1962 ι
1140 1890 1242 1968 paret,
1271 1886 1433 1967 quoddam
1455 1884 1618 1953 calculum

379 2024 421 2088 ad
449 2023 577 2090 modurn
607 2017 851 2090 caratentatoiri
891 2029 896 2102 Ι
938 2019 1053 2090 iunium
1082 2023 1201 2089 erectis
1229 2023 1378 2088 manibus
1401 2024 1526 2105 extulit,
1550 2029 1618 2090 cet·

379 2161 441 2228 inis
475 2167 535 2252 atq,
562 2126 665 2228 nuidis
706 2173 712 2231 l
757 2157 881 2227 formul
910 2179 981 2226 cum
1010 2160 1090 2226 loris
1114 2166 1148 2226 et
1174 2159 1308 2230 oodriol
1334 2156 1464 2229 nauicli
1486 2158 1557 2231 ecia
1579 2159 1617 2232 cu

378 2299 477 2366 remis
517 2303 522 2381 1
561 2305 763 2383 occupatum.
809 2299 933 2379 Quibus
963 2298 1120 2366 vehiculis
1146 2317 1209 2382 per
1234 2298 1301 2366 altu
1328 2292 1418 2366 niuin
1443 2306 1477 2366 et
1499 2301 1555 2368 de·
1593 2304 1599 2384 Ι

379 2427 461 2502 vexa
482 2430 611 2504 mencio
630 2436 684 2502 uel
704 2436 828 2520 plunda
851 2429 1002 2518 [tepori
1024 2436 1080 2503 ille
1104 2437 1284 2502 diabolicus
1330 2436 1336 2521 Ι
1376 2439 1499 2520 gaudes
1521 2405 1616 2506 ntet'.

379 2573 487 2665 Coruo,
516 2570 689 2642 diutiiiime
713 2575 912 2658 jucautando
940 2574 998 2640 teli
1038 2574 1046 2658 ι
1085 2579 1247 2660 apparatu
1272 2574 1317 2639 ibi
1346 2572 1493 2641 [attollet.
1517 2577 1615 2644 humo

377 2712 509 2780 tandein
537 2693 782 2797 pittatustoto
819 2713 825 2796 Ι
865 2713 957 2794 niger
985 2717 1022 2779 ut
1050 2706 1352 2794 Ethiopsspumns
1385 2730 1443 2778 ora
1471 2719 1508 2780 ut
1536 2719 1618 2797 puta

377 2849 600 2932 freneticus!
638 2814 776 2934 propios
808 2845 919 2917 ventre'
947 2853 1002 2917 uix
1031 2842 1184 2934 aliqundo
1215 2868 1288 2915 cum
1311 2837 1418 2916 mann
1450 2849 1555 2916 emilit
1594 2852 1601 2936 Ι

378 2977 454 3072 ipsu.
498 2977 581 3054 Tum
602 2983 686 3056 altrn
712 2989 749 3072 jn
770 2990 895 3070 manca
926 2993 996 3054 arte
1022 2980 1182 3074 pitiisimu
1205 2986 1368 3055 conioloe-
1409 2989 1420 3080 Ι,
1452 2982 1515 3070 rut,
1538 2990 1617 3074 quid

377 3127 419 3194 de
455 3122 555 3216 virilu,
587 3119 663 3193 ectri
696 3123 744 3192 iit.
790 3126 852 3204 Qui
884 3117 1142 3194 [lincolnien
1172 3118 1214 3191 nn
1256 3125 1261 3209 Ι
1302 3126 1416 3218 cudero
1440 3120 1537 3193 coetu
1561 3122 1617 3195 lou

373 3264 514 3348 jmpleus
537 3257 654 3332 officiii.
698 3253 775 3352 Nau,
796 3261 923 3347 hotplu
962 3265 968 3346 Ι
1008 3261 1084 3330 iana
1104 3261 1250 3342 iuncxit,
1275 3267 1308 3327 et
1331 3257 1496 3329 deludium
1519 3259 1616 3348 magis

378 3403 436 3468 tali
470 3393 569 3470 euin
596 3365 663 3484 joi·
704 3403 710 3480 l
750 3399 806 3470 sue
840 3402 887 3466 ess
924 3401 1097 3468 intimanti.
1152 3395 1282 3467 caucis
1314 3402 1466 3469 videncet
1498 3404 1615 3485 01an

378 3534 486 3628 cetina
530 3543 535 3623 Ι
581 3532 689 3621 elfigie'
719 3531 933 3621 jumaginatn.
969 3538 1048 3608 sitio
1082 3539 1188 3622 gando
1218 3541 1256 3624 jo
1288 3505 1425 3624 p‘acuus
1457 3537 1551 3607 ludes
1592 3541 1598 3626 Ι

377 3675 613 3744 uaniiormeto.
648 3678 724 3744 dum
756 3690 779 3764 p
812 3677 972 3760 quoddam
1008 3671 1119 3760 itam
1151 3671 1313 3745 relocillie
1343 3695 1414 3761 pro·
1458 3693 1463 3750 ι
1511 3677 1617 3746 silicet

377 3813 463 3881 malo
498 3803 551 3880 rue
583 3812 735 3882 obuiaile.
781 3816 865 3893 Quia
885 3817 922 3898 jo
951 3813 1061 3896 itagno
1091 3812 1179 3902 aluid
1220 3817 1226 3900 Ι
1265 3813 1390 3899 piundo
1420 3811 1512 3882 iudea
1539 3815 1614 3902 lati·⁴

376 3955 486 4018 tontes
511 3953 615 4020 exacti
636 3944 749 4020 ventre
771 3953 946 4040 plorabant
997 3959 1003 4033 Ι
1055 3953 1149 4032 Quod
1177 3956 1210 4018 et
1238 3955 1270 4018 in
1301 3968 1396 4033 mago
1420 3951 1506 4018 domi
1531 3971 1614 4020 mor-

378 4094 435 4155 tuo
465 4090 733 4174 apparuissem
763 4053 837 4158 dum
876 4092 883 4176 Ι
922 4091 999 4160 finni
1028 4083 1131 4156 unaco
1157 4077 1284 4172 xpianis
1319 4108 1450 4172 gregem
1479 4088 1614 4172 squami-

346 4301 351 4312 ,
375 4221 453 4310 geru
474 4229 571 4294 hemo
594 4247 663 4296 car·
703 4230 708 4313 Ι
747 4241 790 4316 pe
816 4227 1068 4312 attemptaiieot
1091 4227 1178 4311 'quos
1202 4228 1239 4312 jo
1262 4224 1342 4294 calis
1363 4221 1474 4294 fidelin
1495 4230 1614 4311 pagani

375 4363 488 4451 piper·
506 4373 513 4440 Ι
531 4371 633 4446 mant,
653 4364 785 4434 luceolis
806 4367 891 4434 ferre
913 4366 1019 4450 plenis
1042 4383 1124 4433 uoco
1148 4363 1203 4434 iuo
1228 4367 1268 4432 de
1292 4362 1399 4450 abysso
1423 4365 1596 4450 attractis!

375 4499 525 4588 [capham
549 4523 620 4570 oum
636 4502 777 4588 piscibus
788 4493 997 4589 jmpleuerut.
1019 4503 1079 4572 hec
1100 4505 1142 4570 de
1159 4497 1283 4578 inpuro
1302 4467 1469 4588 ljonunie
1487 4467 1613 4588 nitigiis
