3654 5336
432 349 492 411 144
663 323 762 403 ncu'n
780 347 909 403 snucrr
923 347 1037 403 onnvr
1055 333 1162 434 uncie
1178 349 1226 402 nr
1243 340 1436 406 nnnurnrt.
1551 427 1556 434 Ι

422 533 491 612 tur,
525 529 557 595 in
591 527 687 596 domo
722 529 890 613 cujusdam
923 529 1084 612 religiose
1113 537 1270 597 mntrooae
1299 531 1533 615 hospitalitatis
1565 533 1670 614 gratie

429 630 620 718 suscipitur3
642 637 763 702 mansit
782 655 844 719 per
866 635 937 701 dies
960 635 1095 717 aliquot.
1147 636 1264 702 Mulier
1286 641 1394 702 autem
1416 637 1449 702 in
1472 637 1559 702 beuti
1584 649 1667 703 mnr-

422 723 508 823 'tyris
527 739 619 806 Olavi
637 742 761 808 honore
783 735 927 807 existens
951 741 1074 818 sedule,
1097 741 1136 806 ad
1161 758 1274 806 omnes
1297 731 1392 806 horon
1414 743 1446 807 in
1471 743 1541 824 ejus
1564 740 1668 808 eccle·

428 847 477 910 siu
510 845 712 911 orationibus
746 843 989 928 procumbebat.
1039 845 1194 911 Nocturni
1217 845 1318 927 igitur
1339 847 1496 927 temporls
1519 847 1598 913 liora
1619 848 1668 912 ri·

421 947 485 1014 'sun
521 954 572 1015 est
601 969 619 1015 u
653 953 689 1016 se'
723 951 824 1016 videri
860 949 975 1016 boetus
1003 957 1126 1033 martyr
1154 949 1275 1015 Olurus
1304 950 1600 1032 precipicnu'sibi
1631 955 1669 1017 nt
1720 967 1734 1012 o

427 1052 597 1136 praelatum
629 1073 738 1120 secum
761 1074 896 1137 puerum
928 1055 970 1120 ud
1001 1053 1169 1120 ecclesiam
1197 1053 1354 1134 deducut3
1384 1056 1469 1137 quod
1493 1058 1603 1121 statim
1619 1056 1668 1121 ud

428 1160 636 1224 matutinales
670 1159 769 1225 noras
803 1177 983 1244 properans
1017 1160 1213 1240 exsequitur.
1268 1157 1415 1242 eumque
1441 1160 1473 1223 in
1496 1156 1667 1226 ecclcsi‘nrn

427 1263 521 1327 simul
546 1265 701 1344 venirent,
736 1283 819 1346 pner
839 1263 927 1329 hund
957 1263 1011 1338 diu
1042 1269 1185 1328 moratus
1209 1280 1328 1347 sopore
1348 1263 1531 1342 resolvitur,
1556 1268 1591 1329 ct
1612 1264 1667 1346 qui

422 1365 561 1433 'mulieri‘
587 1371 677 1450 prius
707 1387 869 1451 apparens
898 1369 1073 1435 curandum
1094 1367 1137 1459 cd
1160 1367 1330 1434 ecclesiam
1360 1369 1476 1433 adduci
1500 1369 1666 1450 proecepit,

422 1471 518 1538 'vultu
551 1478 585 1537 et
615 1472 729 1537 habitu
760 1473 918 1555 probatur
947 1473 1151 1556 postmodnm
1173 1473 1259 1540 idem
1279 1473 1386 1538 diuina
1408 1473 1538 1538 lucente
1560 1475 1666 1554 gratia
1703 1486 1734 1532 10

360 1571 363 1580 ’
419 1570 625 1642 'curationem
646 1596 747 1659 puero
771 1569 932 1660 apperens
955 1576 1142 1644 contulisse.

507 1706 560 1747 xx.
605 1671 748 1764 Contigit
770 1681 867 1748 etium
891 1683 922 1747 in
946 1681 1028 1764 inco,
1053 1683 1108 1764 qui
1127 1679 1358 1748 Sticlostuther
1375 1682 1544 1748 dicitnr-
1568 1715 1604 1728 -
1631 1715 1661 1728 -—

507 1975 576 2052 XX]
599 1979 667 2037 orni.
695 1981 755 2056 leg.
786 1980 874 2056 Sugc.
900 2003 925 2040 c,
956 1981 1017 2040 125
1041 1999 1081 2056 og
1108 1981 1193 2040 Hom.
1213 1981 1249 2040 fl.
1275 1981 1419 2040 lor-68
1443 1997 1492 2038 orn
1519 1977 1664 2038 Mirelrlut

418 2081 477 2142 rod
499 2083 674 2142 Induielcen
707 2085 740 2142 ol
766 2083 1017 2144 stlirlcctcdu
1040 2085 1144 2144 Kirka.
1200 2083 1215 2142 1
1242 2084 1412 2142 Brevin-iot
1439 2102 1474 2142 or
1495 2082 1665 2146 ubenbm

418 2176 634 2265 Bcgyndciuen
653 2189 685 2248 ui
705 2189 789 2248 detto
811 2189 943 2250 Mirelrui
965 2189 1094 2250 blundel
1116 2187 1249 2247 unriurein
1274 2189 1342 2246 med
1364 2187 1510 2248 Miruklct
1532 2205 1581 2246 orn
1602 2186 1662 2246 don

419 2292 525 2352 blindo
549 2293 676 2364 Krinde,
701 2309 765 2352 nom
786 2293 858 2353 bi'er
879 2295 1042 2354 helbredet
1070 2295 1124 2352 det
1145 2295 1216 2364 Aur,
1246 2293 1285 2352 dc
1310 2292 1422 2352 Polliet
1449 2292 1519 2351 konn
1550 2291 1585 2351 ul
1613 2291 1662 2352 Ni-

422 2395 513 2456 duros
535 2393 606 2472 (No.
630 2393 753 2471 XVIII).
