3654 5336
1282 145 1382 232 bam

488 371 730 426 ITINEBABIUM
755 373 794 424 IN
815 373 959 426 TEBRAM
977 374 1149 427 ΒΔΝΟΤΔΜ.
1374 379 1436 442 167

191 557 270 626 criu.
316 560 365 626 Da
396 558 468 626 istis
490 558 616 628 duabus
638 554 824 626 civitatibus
854 563 1063 643 asportantur
1090 559 1241 626 meliores
1263 559 1355 642 ficus,
1379 562 1434 644 qui

114 713 122 730 .
195 665 236 730 ad
259 663 509 732 christianorum
533 669 638 731 terras
667 665 852 731 adveniunt.
904 666 954 732 De
983 665 1107 733 Muleta
1141 665 1182 731 ad
1210 665 1434 733 Almariam

192 771 358 838 civitatem
390 770 570 852 antiquitus
600 770 849 836 famosissimam
879 791 925 836 ux
953 770 1101 836 miliaria.
1145 772 1195 839 De
1221 771 1364 838 Almaria
1393 772 1433 838 ad

191 875 463 958 Kartagonanr
493 878 634 943 ducenta
664 879 698 942 et
718 895 764 940 xn
787 875 934 942 miliaria.
980 877 1090 959 Usque
1112 877 1176 943 huc
1197 889 1331 960 regnum
1354 879 1433 944 Gra⁵

144 991 159 1036 ⁵
194 986 289 1048 natae.
335 980 441 1050 credo
464 981 599 1048 firmiter
621 981 705 1047 hanc
725 986 845 1048 terram
868 980 937 1048 lore
961 982 1152 1048 altissimam
1171 983 1319 1049 omnium
1331 988 1433 1048 terra·

192 1087 370 1170 ruminata·
386 1106 484 1168 mare,
505 1088 596 1171 cujus
620 1087 777 1154 montium
800 1087 967 1154 cacumina
990 1088 1092 1154 nubes
1109 1093 1363 1171 penetraverant
1378 1107 1434 1154 no-

193 1191 244 1258 bis
266 1191 460 1260 videntibus.

275 1299 326 1365 De
349 1299 536 1381 Kartagena
563 1300 656 1363 esset
683 1297 946 1380 compendiosius
968 1299 1031 1364 iter
1052 1303 1143 1366 recto
1166 1300 1298 1365 tramite
1319 1317 1435 1366 versus

192 1404 351 1471 orientem
380 1403 421 1470 ad
452 1403 633 1469 Sardiniam
666 1421 725 1485 per
759 1405 934 1485 quingenta
963 1403 1100 1470 miliaria
1131 1409 1166 1470 et
1191 1425 1222 1484 n,
1244 1405 1434 1488 Majoricam

117 1513 159 1592 '¹⁰
194 1509 332 1577 insulam
355 1508 570 1592 relinquendo
594 1509 634 1574 ad
658 1509 841 1591 dexteram
871 1527 931 1576 nos
961 1528 1038 1577 vero
1063 1509 1170 1576 eundo
1192 1499 1434 1576 Massiliam

193 1615 403 1683 deviavimus
446 1616 529 1682 Nam
553 1613 593 1680 ad
616 1615 800 1697 aquilonem
820 1615 944 1682 directe
961 1615 1178 1682 tendebamus
1197 1620 1231 1682 et
1246 1616 1434 1698 sicutprlus

192 1720 366 1788 habuimus
387 1739 521 1804 regnum
540 1719 692 1786 Castella
712 1739 750 1786 ex
774 1720 879 1786 altera
900 1727 995 1803 parte
1018 1721 1183 1805 Hispania
1206 1720 1247 1786 ad
1266 1721 1434 1787 sinistrum

170 1821 173 1828 '
193 1825 387 1893 velificando
410 1827 495 1892 inter
517 1824 686 1891 meridiem
710 1829 745 1890 et
765 1824 977 1906 occidentem,
1000 1827 1048 1918 sic
1071 1831 1105 1892 et
1126 1833 1244 1910 postea
1262 1827 1435 1892 habuimus

192 1931 343 1998 similiter
365 1932 501 1998 eandem
522 1936 642 1998 terram
665 1929 707 1996 ad
731 1931 897 1998 sinistram
908 1930 1100 1998 velificando
1111 1933 1197 1998 inter
1218 1931 1377 1998 orientem
1401 1936 1436 1997 et

126 2037 157 2084 ¹⁶
194 2037 387 2120 aquilonem.
434 2036 687 2120 Dellarlagena
707 2037 817 2132 itaque
831 2039 1073 2120 juxtaregnum
1087 2035 1434 2103 Mursiaeetilastellae

191 2161 294 2224 usque
323 2142 365 2208 ad
395 2143 513 2222 locum,
547 2143 602 2224 qui
633 2141 752 2208 dicitur
774 2141 977 2208 hlachant
1002 2143 1036 2208 in
1059 2142 1231 2222 dragonis,
1259 2146 1391 2208 centum
1412 2163 1434 2206 n

192 2247 344 2328 miliaria3
376 2250 455 2315 item
483 2252 609 2313 tantum
630 2247 671 2312 ad
694 2247 843 2328 insulam,
867 2265 939 2329 quae
961 2246 1081 2313 dicitur
1109 2245 1246 2328 Enisa,
1276 2246 1316 2312 ad
1342 2249 1433 2330 cujus

191 2353 320 2436 plagam
344 2352 556 2420 meridianam
576 2351 665 2434 iacet
691 2352 846 2435 Majorica
879 2353 987 2418 insula
1017 2351 1214 2434 supradicta.
1258 2351 1308 2418 De
1335 2353 1435 2420 Enisa

190 2477 269 2525 veru
288 2459 328 2524 ad
346 2458 525 2525 Massiliam
549 2457 727 2540 quingenta
746 2464 781 2524 et
798 2458 1034 2540 quinquaginta
1055 2456 1204 2522 miliaria.
1247 2457 1286 2522 ln
1308 2474 1436 2524 summa

126 2551 158 2616 ²⁶
194 2564 236 2629 de
258 2564 374 2630 strictu
398 2565 438 2629 ad
461 2562 638 2630 Massiliam
662 2563 800 2630 miliaria
821 2562 910 2629 mille
933 2567 1083 2630 trecenta
1105 2565 1139 2627 et
1159 2561 1402 2645 quinquaginta.

276 2669 326 2736 De
355 2669 501 2735 Massilia
533 2669 565 2734 in
594 2667 776 2734 Sardiniam
807 2671 860 2734 est
891 2667 954 2734 lter
981 2667 1068 2733 inter
1101 2667 1259 2734 orientem
1283 2671 1317 2734 et
1338 2667 1436 2733 meri-

193 2773 278 2840 diem
313 2779 347 2841 et
379 2779 457 2842 snut
488 2775 542 2841 hic
575 2774 750 2856 quingenta
783 2772 931 2838 miliaria.
980 2773 1148 2839 Proximus
1177 2772 1268 2838 locus
1300 2777 1435 2838 vocatur

199 2879 329 2946 insula
357 2880 490 2946 sancti
511 2879 632 2960 Petri,
661 2897 733 2961 quae
752 2879 842 2961 jacet
863 2876 931 2944 lere
954 2879 1108 2960 contigua
1129 2877 1295 2944 Sardiniae.
1340 2877 1433 2944 Istud

192 3004 282 3053 mare
305 2989 357 3053 est
382 2985 561 3067 pessimum
584 2985 617 3050 ih
639 2989 711 3050 toto
734 2984 851 3051 itinere
875 2983 915 3051 de
938 2983 1086 3049 Massilia
1108 2983 1140 3048 in
1165 2983 1280 3049 Acon.
1324 2983 1434 3050 Sardi·

125 3099 158 3185 ²}
193 3092 250 3157 nia
277 3095 331 3157 est
359 3091 497 3158 maxima
525 3089 632 3156 insula
660 3094 695 3156 et
721 3091 864 3172 pertinet
884 3107 945 3171 pro
967 3088 1083 3178 majori
1105 3093 1199 3171 parte
1222 3089 1262 3153 ad
1284 3087 1432 3169 Pisanos,

193 3196 249 3280 qui
270 3200 384 3262 tenent
404 3197 526 3264 ibidem
550 3197 631 3262 duos
654 3195 801 3261 comites.
851 3193 973 3260 Kalie
1003 3195 1122 3262 dicitur
1142 3193 1354 3260 fortissimum
1378 3211 1432 3259 ce·

193 3307 296 3366 strum
320 3302 443 3368 insula.
488 3302 588 3368 Terra
620 3301 691 3367 haec
723 3301 757 3365 in
788 3299 943 3365 armentis
976 3304 1010 3365 et
1041 3300 1139 3366 blado
1175 3298 1432 3381 opulentissima,

192 3407 258 3474 vini
286 3407 397 3473 nescia
418 3413 468 3475 st*
483 3425 583 3489 supra
606 3405 735 3472 modum
757 3403 892 3492 infirma.
938 3404 1027 3486 Gens
1048 3404 1132 3471 lenia
1156 3421 1262 3486 cursu,
1285 3403 1376 3470 rudis
1399 3409 1434 3470 et

195 3833 285 3851 .....
300 3783 378 3870 [duo
402 3780 523 3864 castra]
548 3779 643 3847 valde
666 3780 798 3862 nobilia,
822 3779 1040 3846 Iubeltare
1063 3779 1227 3860 videlicet,
1251 3778 1338 3862 quod
1362 3783 1434 3846 erat

192 3889 349 3974 principis
373 3887 578 3966 antiocheni,
610 3890 644 3952 et
666 3885 848 3972 Qucum,
876 3885 962 3967 quod
990 3885 1098 3951 luerat
1124 3885 1306 3969 hospitalia.
1358 3885 1432 3951 Gra-

193 4013 264 4061 cum
284 3995 401 4060 dicitur
418 4009 492 4058 esse
510 3992 625 4058 melius
645 3997 789 4058 castrum
811 3991 912 4056 totius
935 3991 1046 4057 mundi
1068 3995 1203 4074 propter
1223 3989 1432 4058 incredibiles

176 4100 317 4167 ¹reditus
346 4098 459 4181 ipsius.
515 4097 587 4163 Hoc
617 4101 760 4164 castrum
789 4097 985 4180 expugnavit
1014 4096 1169 4162 soldanus
1197 4096 1283 4162 circa
1315 4114 1433 4162 annum

151 4302 154 4310 ,
278 4261 307 4318 2.
351 4253 481 4330 Muleta]
513 4257 590 4317 riml.
620 4257 689 4316 Fell
722 4258 771 4318 lor
800 4257 931 4318 Muneca
959 4279 1000 4304 =
1031 4256 1115 4316 arab.
1150 4254 1354 4330 al-Munscab‚
1391 4275 1434 4316 uu

193 4363 386 4424 Almuilecar.

281 4471 329 4529 10.
375 4460 544 4544 dexteram]
569 4467 637 4526 Feil
659 4469 708 4526 lor
729 4471 831 4526 hevam
1410 4542 1415 4554 υ

279 4577 328 4634 34.
374 4565 536 4650 soldanus]
557 4583 588 4627 0:
610 4573 755 4646 Bibars‚
780 4571 1138 4632 Mamaluhsultau1260
1167 4599 1198 4608 -
1226 4573 1320 4646 12773
1345 4571 1434 4632 erob-

193 4679 267 4740 reds
292 4679 368 4740 Grac
393 4681 451 4740 lde
473 4679 562 4758 April
587 4681 665 4738 1271
692 4674 837 4753 (william,
861 4679 971 4741 Gesch.
995 4679 1050 4739 dar
1065 4678 1244 4754 ffianzarige
1266 4677 1331 4751 Vll,
1348 4672 1431 4750 590).
1526 4731 1533 4744 .
