3640 5342
1390 350 1453 415 249

210 538 368 622 permisit.
415 540 562 622 [Legitur
583 542 667 607 enirn
691 542 723 606 iu
745 540 884 608 cronicis
911 539 1066 606 isloudie:
1096 537 1182 621 quod
1205 536 1348 602 thorirus
1371 535 1453 600 huo·

213 644 264 709 dir
285 645 423 727 pupugit
443 649 589 712 sonetum
610 647 784 713 clauomiu
805 645 1152 728 pectorcThorstoous
1171 644 1290 708 kouuo
1311 640 1455 706 smidher

212 751 319 816 secuit
340 767 413 814 eum
437 752 469 816 iu
492 768 586 832 genu.
618 758 653 818 et
675 750 818 818 lrelffwer
845 768 1000 817 ernessou
1023 751 1130 816 secuit
1153 749 1289 814 eundern
1313 747 1346 810 io
1369 745 1454 811 collo

211 854 244 920 iu
267 873 327 920 sue
349 857 556 921 sanctissime
577 857 755 940 passione.

162 967 177 1014 ⁵
297 968 380 1044 Reep.
426 969 533 1047 ltoqoo
561 970 760 1030 deuotissime
790 975 848 1030 etc.

297 1093 365 1132 verr.
410 1074 481 1133 lesu
501 1076 582 1136 bone
605 1081 663 1134 etc.

297 1169 408 1237 Lectio
438 1193 465 1237 v.
517 1173 679 1240 Occubuit
700 1178 809 1238 auteur
840 1172 970 1258 [queem
1005 1168 1179 1238 keleudos²
1212 1167 1341 1250 augusti
1373 1167 1458 1233 ferio

214 1263 332 1358 coorta
352 1277 394 1342 M.
415 1282 449 1342 et
468 1279 574 1360 xxviij.
599 1295 682 1344 anuo
705 1280 745 1345 ab
774 1277 996 1344 incarnatione
1020 1275 1141 1343 domiui
1165 1293 1224 1357 pro
1247 1273 1322 1340 fidei
1346 1272 1455 1338 deleu-

213 1382 307 1448 sione
330 1382 369 1448 ab
392 1381 530 1448 inimicis
553 1380 629 1448 fidei
651 1381 827 1450 crudeliter
856 1383 1087 1465 iuteremptus:
1116 1379 1257 1446 feliciter
1278 1379 1318 1444 dc
1342 1378 1456 1444 cestris

149 1501 180 1547 ro
215 1487 256 1553 od
281 1493 394 1554 eteruo
412 1489 500 1570 regis
512 1487 676 1572 pollecio³.
700 1488 740 1554 de
759 1489 845 1556 bello
857 1489 1000 1570 migrans
1023 1487 1063 1552 od
1087 1502 1201 1570 pacem
1224 1486 1458 1568 queeruperet

214 1609 342 1659 omnem
366 1611 500 1660 sensum
524 1594 564 1659 od
587 1593 715 1660 leudem
739 1600 774 1660 et
794 1594 932 1676 glorium
955 1592 1032 1659 dei⁴.

297 1707 380 1782 Reep.
425 1705 627 1767 Confluebant
650 1707 689 1766 ed
717 1707 871 1784 baptismo
893 1711 950 1766 etc.

297 1831 365 1870 vere.
412 1811 540 1872 Conluei
563 1818 652 1872 erent
674 1817 731 1871 etc.

298 1906 409 1975 Lectio
430 1909 471 1993 ej.
516 1910 622 1976 Nocte
644 1911 743 1992 igitur
757 1910 954 1993 precedente
977 1908 1061 1976 diem
1092 1927 1158 1992 quo
1180 1904 1317 1989 martyr⁵
1337 1921 1456 1988 possus

149 2035 179 2082 rs
215 2019 279 2078 est:
302 2017 455 2097 apperuit
476 2015 540 2081 illi⁶
562 2016 710 2081 dominus
732 2017 844 2082 ihesus
870 2014 993 2100 [verbis
1017 2013 1244 2081 consolatoriis
1256 2009 1458 2077 demulceos²

212 2117 341 2185 Accede
370 2122 478 2204 iuquit
504 2121 544 2186 ud
574 2139 625 2188 me
654 2121 772 2187 dilecte
801 2121 843 2186 uri
873 2125 1003 2203 tempus
1027 2124 1079 2185 est
1100 2124 1135 2184 vt
1156 2118 1303 2182 laborum
1326 2123 1455 2182 tuorum

212 2221 337 2290 fructus
360 2225 541 2310 percipios⁸
562 2229 594 2294 io
618 2227 817 2308 sempiterne
844 2227 971 2293 leticie:
997 2224 1122 2310 [nostro
1144 2221 1252 2288 trueus
1276 2221 1458 2289 consortio⁹

883 985 894 1135 l
922 1043 961 1067 =
984 1042 1015 1098 p.
1039 1019 1214 1082 reru-2⁹.

982 1719 995 1869 Ξ
1023 1781 1061 1806 ==
1085 1779 1115 1836 p.
1141 1754 1280 1818 235⁸·7.

214 2345 365 2394 coronam
390 2333 552 2416 suscipies
574 2333 709 2400 honoris
728 2333 842 2398 eterni.
872 2349 937 2414 que
957 2330 1084 2396 visione
1108 2333 1230 2411 martyr
1253 2326 1366 2412 [supra
1389 2345 1456 2392 mo·
1543 2365 1554 2384 ·

213 2431 291 2498 dum
313 2433 539 2502 delectetus¹⁰:
563 2435 711 2519 passioni
730 2453 768 2500 se
785 2435 871 2502 letus
894 2435 1029 2503 obtulit:
1052 2435 1117 2501 ium
1143 2432 1313 2518 [diuinitus
1336 2433 1455 2499 scolam

148 2571 180 2616 20
215 2544 455 2620 coguoscens¹¹
480 2557 576 2622 quero
600 2541 765 2606 insomnis
784 2558 888 2622 nuper
909 2540 1051 2607 odcelos
1074 2544 1215 2606 erectum
1236 2538 1376 2604 videret:
1399 2556 1458 2621 per

215 2662 312 2727 quero
335 2647 376 2710 od
400 2644 604 2711 dulcedinem
628 2663 725 2727 quem
747 2651 939 2726 gusteoeret
961 2645 1100 2712 feliciter
1123 2651 1195 2711 erut
1216 2661 1418 2710 escensurus.

300 2757 384 2835 Καρ.
429 2757 575 2818 Florebet
591 2757 669 2818 fides
693 2763 751 2817 etc.

299 2883 368 2922 we.
412 2861 581 2922 Exultubet
602 2882 657 2921 rex
680 2868 738 2922 etc.
781 2773 795 2918 l
821 2833 912 2890 =p‘
936 2809 1108 2874 23515-18,

693 3074 735 3140 Ic
756 3075 803 3158 iij.
826 3080 989 3141 nocturno.

301 3235 459 3312 antiplona.
503 3235 567 3294 Nec
587 3263 628 3274 —
650 3236 798 3296 instantio
820 3257 860 3282 =
883 3257 913 3313 p.
939 3232 1110 3295 23520-21,

300 3342 457 3418 antiplona.
501 3340 589 3400 Nouo
614 3369 653 3379 -
675 3341 857 3418 predicebat
879 3363 919 3388 =
942 3361 972 3418 p.
995 3338 1168 3402 23523-24.

301 3447 459 3522 antiphona.
502 3445 726 3506 Prodicetionis
751 3476 788 3486 -
814 3448 981 3508 reuocabat
1004 3467 1043 3492 =
1066 3465 1096 3523 p.
1122 3443 1295 3504 23526-27,

302 3549 489 3624 Euoopelr'ron.
533 3550 601 3611 Nisi
623 3571 759 3628 penum.

303 3647 410 3714 Lectio
430 3647 483 3728 vij.
523 3647 1456 3732 EUolutoitequepessiouisilliustemporccurnioque·

150 3777 182 3822 eo
218 3751 293 3817 dem
316 3751 413 3817 domo
433 3751 673 3817 sanctissimum
695 3770 813 3836 corpus
842 3756 912 3820 eius
941 3754 1099 3820 lauisseut
1128 3754 1281 3820 ministri:
1310 3753 1460 3836 proiecta

217 3861 268 3923 est
295 3861 371 3924 eote
400 3857 520 3921 ostium
548 3856 663 3922 domus
692 3876 777 3940 aquo
805 3862 905 3925 mixte
932 3859 1177 3942 sanguineque
1206 3860 1247 3925 de
1269 3857 1458 3925 volueribus

217 3963 368 4046 martyris
389 3961 480 4027 beati
502 3958 689 4028 defluxerat.
728 3961 832 4028 (lecus
854 3963 956 4045 igitur
978 3963 1108 4046 quidem
1133 3969 1208 4030 eote
1231 3966 1362 4030 domum
1383 3983 1459 4030 eerr-

217 4067 291 4132 dem
321 4068 501 4132 transiens:
534 4065 707 4150 prolapsus
736 4073 787 4134 est
812 4069 845 4134 iu
871 4069 978 4134 locoru
1008 4071 1063 4152 qui
1091 4069 1198 4135 adhuc
1226 4087 1311 4152 oque
1339 4069 1459 4135 infecte

287 4218 381 4283 'ingl
421 4217 482 4269 'iu
504 4218 629 4274 kalendis.
670 4221 820 4285 'pervenit
837 4221 886 4275 till.
928 4221 1020 4274 ‘eius
1038 4238 1115 4287 opere
1133 4223 1248 4286 precium
1266 4227 1305 4272 ert
1323 4222 1353 4272 de
1370 4221 1460 4273 multis

216 4305 347 4358 mireoulie
365 4323 413 4372 que
431 4307 462 4358 od
486 4307 684 4359 commendando
703 4310 794 4360 merito
811 4309 917 4374 gloriosi
934 4311 1045 4362 martirio
1065 4311 1134 4362 oloui
1152 4311 1267 4361 dominun
1286 4311 1386 4374 operari
1403 4310 1459 4375 dig-

217 4401 292 4446 netur
314 4401 353 4447 eet
374 4411 456 4460 peuce
479 4397 651 4460 perstringere
673 4401 702 4448 rt
723 4402 845 4462 quantem
863 4401 975 4462 moion
999 4405 1026 4451 et
1046 4398 1156 4464 gloriam
1174 4397 1290 4449 domiuus
1307 4403 1396 4449 roceto
1413 4413 1459 4449 ruo

216 4482 315 4534 dederit
331 4482 476 4535 infidelibus
493 4486 645 4539 innotescet.
681 4485 815 4537 ‘inclitus
832 4485 883 4541 till.
919 4486 979 4540 ‘et
1016 4485 1189 4538 'demulceus
1207 4485 1281 4537 illum
1299 4486 1382 4538 rorbie
1400 4501 1460 4537 ooo·

216 4570 353 4628 solatoriis.
389 4571 577 4624 ⁸duloireiruor
595 4587 683 4637 corpor
701 4579 736 4629 et.
770 4573 870 4625 'modo
888 4577 1016 4626 consortio
1033 4575 1127 4626 stoeur.
1170 4575 1192 4604 ¹⁰
1208 4574 1343 4628 admodum
1361 4575 1460 4627 oculor-

215 4664 293 4714 tutor.
333 4659 353 4689 ¹¹
373 4661 486 4713 diuinum
502 4659 600 4712 eoenle
617 4663 795 4717 conscendens.
